
  <record>
    <leader>01250nem  22002893  4500</leader>
    <controlfield tag="001">235653000</controlfield>
    <controlfield tag="003">DE-185</controlfield>
    <controlfield tag="007">ta</controlfield>
    <controlfield tag="008">1715                             i|</controlfield>
    <datafield tag="084" ind1=" " ind2=" ">
      <subfield code="a">RA05.13 Österreich</subfield>
    </datafield>
    <datafield tag="225" ind1=" " ind2=" ">
      <subfield code="c">E 14°20'00"-E 17°08'00"/N 48°59'00"-N 47°21'00"</subfield>
    </datafield>
    <datafield tag="245" ind1="1" ind2="0">
      <subfield code="a">Archiducatus Austriae Inferioris In omnes suas Quadrantes Ditiones divisi Nova et exacta Tabula</subfield>
      <subfield code="c">è conatibus Io. Baptistae Homanni</subfield>
    </datafield>
    <datafield tag="260" ind1=" " ind2=" ">
      <subfield code="a">Noribergae</subfield>
      <subfield code="b">Io. Baptist Homann</subfield>
      <subfield code="c">[ca. 1715]</subfield>
    </datafield>
    <datafield tag="300" ind1=" " ind2=" ">
      <subfield code="a">1 Kt.</subfield>
      <subfield code="b">flächenkolor.</subfield>
      <subfield code="c">56 x 47 cm</subfield>
    </datafield>
    <datafield tag="337" ind1=" " ind2=" ">
      <subfield code="a">Karte</subfield>
    </datafield>
    <datafield tag="500" ind1=" " ind2=" ">
      <subfield code="a">Maßstab in graph. Form (Milliaria Germanica communia, Miliaria Gallica sive Horae Itineris). - Titelkartusche und Maßstab unten rechts. - Parallelt. oberhalb des Kt.-Feldes. - Legende unten links. - Relief: Einzelberge</subfield>
    </datafield>
    <datafield tag="520" ind1="3" ind2="#">
      <subfield code="a">Verwaltungskarte von Niederösterreich mit den Vierteln Unterwienerwald  (= Industrieviertel), Oberwienerwald (= Mostviertel), Obermanhartsberg  (= Waldviertel) und Untermanhartsberg (= Weinviertel)</subfield>
    </datafield>
    <datafield tag="541" ind1=" " ind2=" ">
      <subfield code="a">Nachlass Maull, Otto</subfield>
    </datafield>
    <datafield tag="650" ind1=" " ind2="4">
      <subfield code="a">Altkarte</subfield>
    </datafield>
    <datafield tag="650" ind1=" " ind2="4">
      <subfield code="a">Verwaltungskarte</subfield>
    </datafield>
    <datafield tag="651" ind1=" " ind2="4">
      <subfield code="a">Österreich</subfield>
    </datafield>
    <datafield tag="651" ind1=" " ind2="4">
      <subfield code="a">Niederösterreich</subfield>
    </datafield>
    <datafield tag="700" ind1="2" ind2=" ">
      <subfield code="a">Homann, Johann Baptist</subfield>
    </datafield>
    <datafield tag="841" ind1=" " ind2=" ">
      <subfield code="a">em__</subfield>
      <subfield code="b">1715</subfield>
      <subfield code="c">3</subfield>
    </datafield>
    <datafield tag="852" ind1=" " ind2=" ">
      <subfield code="a">DE-185</subfield>
      <subfield code="c">Historische Abteilung</subfield>
      <subfield code="m">HK 0663</subfield>
      <subfield code="t">235653001</subfield>
    </datafield>
    <datafield tag="856" ind1=" " ind2=" ">
      <subfield code="a">https://ifl.wissensbank.com/fastlink.html?search=235653000</subfield>
      <subfield code="3">permalink</subfield>
    </datafield>
    <datafield tag="856" ind1=" " ind2=" ">
      <subfield code="a">https://ifl.wissensbank.com/cgi-bin/starfetch.exe?C5zNX0ftLdxlP6b9fu@@kJK3GKijLXhE1y.QokpOtZcHfhbhXCIlWl.@sY68qjc.oCESG6sjJ@n2GZK.98TEgaHcFzflGEWOmb2jiDQ0bigE.qqoV3.hmjGgmzGZRdaUict649L3OvTDdeiQUXRFcA/HK663.jpg</subfield>
      <subfield code="3">file</subfield>
    </datafield>
  </record>