
  <record>
    <leader>01250nem  22002893  4500</leader>
    <controlfield tag="001">241044000</controlfield>
    <controlfield tag="003">DE-185</controlfield>
    <controlfield tag="007">ta</controlfield>
    <controlfield tag="008">1893                             i|ger</controlfield>
    <datafield tag="041" ind1=" " ind2=" ">
      <subfield code="a">ger</subfield>
    </datafield>
    <datafield tag="084" ind1=" " ind2=" ">
      <subfield code="a">RD04.13 Brasilien</subfield>
    </datafield>
    <datafield tag="225" ind1=" " ind2=" ">
      <subfield code="a">1 : 500 000</subfield>
      <subfield code="c">W 56°29'00"-W 52°20'00"/S 11°54'00"-S 16°29'00"</subfield>
    </datafield>
    <datafield tag="245" ind1="1" ind2="0">
      <subfield code="a">Karte des Weges der zweiten Schingú-Expedition vom 28. Juli bis 31. December 1887</subfield>
      <subfield code="c">von Dr. P. Vogel. Redigirt von Richard Kiepert. Gez. v. Richard Kiepert u. M. Limpricht</subfield>
    </datafield>
    <datafield tag="260" ind1=" " ind2=" ">
      <subfield code="a">Berlin</subfield>
      <subfield code="b">C. L. Keller</subfield>
      <subfield code="c">1893</subfield>
    </datafield>
    <datafield tag="300" ind1=" " ind2=" ">
      <subfield code="a">1 Kt.</subfield>
      <subfield code="b">teilw. kolor.</subfield>
      <subfield code="c">78 x 55 cm</subfield>
    </datafield>
    <datafield tag="337" ind1=" " ind2=" ">
      <subfield code="a">Karte</subfield>
    </datafield>
    <datafield tag="500" ind1=" " ind2=" ">
      <subfield code="a">Aus: Zeitschrift der Gesellschaft für Erdkunde zu Berlin ; 28. - Maßstab in graph. Form (Kilometer). - Titel, Maßstab und Legende oben rechts. -  Nullmeridian: Greenwich. - Mit 1 Nebenkt.: Karte des Flusses Kulisehu. - Mit 6 Profilen. - Mit Reiserouten. - Mit Höhenangaben. - Relief: Plastisch</subfield>
    </datafield>
    <datafield tag="520" ind1="3" ind2="#">
      <subfield code="a">Gebiet um den Rio Manso mit Reiserouten der ersten Xingú-Expedition 1883 und der zweiten 1887</subfield>
    </datafield>
    <datafield tag="562" ind1=" " ind2=" ">
      <subfield code="a">Nummer aus Altbestand</subfield>
      <subfield code="b">SAm 4b/25</subfield>
    </datafield>
    <datafield tag="650" ind1=" " ind2="4">
      <subfield code="a">Altkarte</subfield>
    </datafield>
    <datafield tag="650" ind1=" " ind2="4">
      <subfield code="a">Forschungsreise</subfield>
    </datafield>
    <datafield tag="651" ind1=" " ind2="4">
      <subfield code="a">Brasilien</subfield>
    </datafield>
    <datafield tag="651" ind1=" " ind2="4">
      <subfield code="a">Rio Xingú</subfield>
    </datafield>
    <datafield tag="653" ind1="1" ind2=" ">
      <subfield code="a">Steinen, Karl von den</subfield>
    </datafield>
    <datafield tag="700" ind1="2" ind2=" ">
      <subfield code="a">Vogel, Peter</subfield>
    </datafield>
    <datafield tag="700" ind1="2" ind2=" ">
      <subfield code="a">Kiepert, Richard</subfield>
    </datafield>
    <datafield tag="700" ind1="2" ind2=" ">
      <subfield code="a">Keller, C. L.</subfield>
    </datafield>
    <datafield tag="700" ind1="2" ind2=" ">
      <subfield code="a">Limpricht, Max</subfield>
    </datafield>
    <datafield tag="841" ind1=" " ind2=" ">
      <subfield code="a">em__</subfield>
      <subfield code="b">1893</subfield>
      <subfield code="c">3</subfield>
    </datafield>
    <datafield tag="852" ind1=" " ind2=" ">
      <subfield code="a">DE-185</subfield>
      <subfield code="c">Historische Abteilung</subfield>
      <subfield code="m">HK 1604</subfield>
      <subfield code="t">241044001</subfield>
    </datafield>
    <datafield tag="856" ind1=" " ind2=" ">
      <subfield code="a">https://ifl.wissensbank.com/fastlink.html?search=241044000</subfield>
      <subfield code="3">permalink</subfield>
    </datafield>
    <datafield tag="856" ind1=" " ind2=" ">
      <subfield code="a">https://ifl.wissensbank.com/cgi-bin/starfetch.exe?6pv34U.dkkdLWJKaBjvTs1Rh2e@hV9ccw7EPLy5SBMgaW2sLeM5m64cyiL0sqv5lWKeSY5cmADxuyDy2F@n9Hb3CFe13KmilqfmTSh@BonpKcx5fU8hLeDCYZ2o3K7z2YGUrCM28fgpsi9LChKhX7w/HK1604.jpg</subfield>
      <subfield code="3">file</subfield>
    </datafield>
  </record>