
  <record>
    <leader>01250nem  22002893  4500</leader>
    <controlfield tag="001">238969000</controlfield>
    <controlfield tag="003">DE-185</controlfield>
    <controlfield tag="007">ta</controlfield>
    <controlfield tag="008">1897                             i|ger</controlfield>
    <datafield tag="041" ind1=" " ind2=" ">
      <subfield code="a">ger</subfield>
    </datafield>
    <datafield tag="084" ind1=" " ind2=" ">
      <subfield code="a">RD04.15 Ecuador</subfield>
    </datafield>
    <datafield tag="225" ind1=" " ind2=" ">
      <subfield code="a">1 : 250 000</subfield>
      <subfield code="c">W 79°06'00"-W 77°56'00"/N 0°33'00"-S 0°54'00"</subfield>
    </datafield>
    <datafield tag="245" ind1="1" ind2="0">
      <subfield code="a">Das Vulkangebiet Von Ecuador</subfield>
      <subfield code="b">Begleitkarte Zu Dem Werke Die Vulkanberge Von Ecuador</subfield>
      <subfield code="c">Geologisch-Topographisch Aufgenommen Und Beschreiben Von Alphons Stübel. Diese Karte Ist Nach Den In Den Jahren 1870 - 1874 Ausgefuehrten Messungen, Zeichnungen Und Kartenskizzen Des Verfassers Entworfen Und Gezeichnet Von Theodor Wolf</subfield>
    </datafield>
    <datafield tag="260" ind1=" " ind2=" ">
      <subfield code="a">Leipzig</subfield>
      <subfield code="b">Geograph. Anstalt von Wagner &amp; Debes</subfield>
      <subfield code="c">1897</subfield>
    </datafield>
    <datafield tag="300" ind1=" " ind2=" ">
      <subfield code="a">1 Kt. auf 2 Bl.</subfield>
      <subfield code="b">teilw. kolor.</subfield>
      <subfield code="e">Begleith.</subfield>
      <subfield code="c">Gesamtgr. 56 x 132 cm, je 56 x 65 cm</subfield>
    </datafield>
    <datafield tag="337" ind1=" " ind2=" ">
      <subfield code="a">Karte</subfield>
    </datafield>
    <datafield tag="500" ind1=" " ind2=" ">
      <subfield code="a">Begleith.: Begleitwort Zur Karte Des Vulkangebietes Von Ecuador. - Maßstab in graph. Form (Kilometer). - Titel oben links. - Maßstab oben links und unten rechts. - Erkl. der Zeichen unten rechts. - Mit Reiserouten. - Relief: Plastisch</subfield>
    </datafield>
    <datafield tag="520" ind1="3" ind2="#">
      <subfield code="a">Vulkangebiet von Ecuador, u.a. mit Cotopaxi, Antisana, Cayambe und  Quilindaña</subfield>
    </datafield>
    <datafield tag="541" ind1=" " ind2=" ">
      <subfield code="a">Collection Alphons Stübel</subfield>
    </datafield>
    <datafield tag="562" ind1=" " ind2=" ">
      <subfield code="a">Nummer aus Altbestand</subfield>
      <subfield code="b">SAm 11b/13</subfield>
    </datafield>
    <datafield tag="650" ind1=" " ind2="4">
      <subfield code="a">Altkarte</subfield>
    </datafield>
    <datafield tag="650" ind1=" " ind2="4">
      <subfield code="a">Hochgebirge</subfield>
    </datafield>
    <datafield tag="650" ind1=" " ind2="4">
      <subfield code="a">Vulkanismus</subfield>
    </datafield>
    <datafield tag="651" ind1=" " ind2="4">
      <subfield code="a">Ecuador</subfield>
    </datafield>
    <datafield tag="700" ind1="2" ind2=" ">
      <subfield code="a">Wolf, Theodor</subfield>
    </datafield>
    <datafield tag="700" ind1="2" ind2=" ">
      <subfield code="a">Stübel, Alphons</subfield>
      <subfield code="1">118810421</subfield>
    </datafield>
    <datafield tag="700" ind1="2" ind2=" ">
      <subfield code="a">Wagner, Heinrich</subfield>
    </datafield>
    <datafield tag="700" ind1="2" ind2=" ">
      <subfield code="a">Debes, Ernst</subfield>
    </datafield>
    <datafield tag="841" ind1=" " ind2=" ">
      <subfield code="a">em__</subfield>
      <subfield code="b">1897</subfield>
      <subfield code="c">3</subfield>
    </datafield>
    <datafield tag="852" ind1=" " ind2=" ">
      <subfield code="a">DE-185</subfield>
      <subfield code="c">Historische Abteilung</subfield>
      <subfield code="m">HK 1564 - 01</subfield>
      <subfield code="t">238969002</subfield>
    </datafield>
    <datafield tag="856" ind1=" " ind2=" ">
      <subfield code="a">https://ifl.wissensbank.com/fastlink.html?search=238969000</subfield>
      <subfield code="3">permalink</subfield>
    </datafield>
    <datafield tag="856" ind1=" " ind2=" ">
      <subfield code="a">https://ifl.wissensbank.com/cgi-bin/starfetch.exe?o4Vynvjqrg0rKp2uAljL6qTIQl2A61@zyIRCoi@5XMLq3Z1cHuBMZExj2NVrc67v8wkTgX7OrpadPUAjRpXOFSvwgKGQ9or2G2tH3kuqk5A8C3Wt1K5mFZrPegrg7YuXMmTYrYVpmbdm583Dd@ZGMw/HK1564%2e1.jpg</subfield>
      <subfield code="3">file</subfield>
    </datafield>
  </record>