
  <record>
    <leader>01250nem  22002893  4500</leader>
    <controlfield tag="001">177734000</controlfield>
    <controlfield tag="003">DE-185</controlfield>
    <controlfield tag="007">ta</controlfield>
    <controlfield tag="008">1817                             i|fre</controlfield>
    <datafield tag="041" ind1=" " ind2=" ">
      <subfield code="a">fre</subfield>
    </datafield>
    <datafield tag="084" ind1=" " ind2=" ">
      <subfield code="a">RF06 Afrikanische Inseln und andere Gebiete Afrikas</subfield>
    </datafield>
    <datafield tag="225" ind1=" " ind2=" ">
      <subfield code="c">W 16°40'48"-W 16°36'16"/N 28°18'08"-N 28°14'41"</subfield>
    </datafield>
    <datafield tag="245" ind1="1" ind2="0">
      <subfield code="a">Tableau physique des Iles Canaries</subfield>
      <subfield code="b">Géographie des Plantes du Pic de Ténériffe (Latitude 28° 16' 53") ; Fondée sur les observations de Mrs. Léopold de Buch et Chr. Smith</subfield>
      <subfield code="c">Dessiné par L. Marchais. Gravé en couleur par L. Coutant; l'Ecriture par L. Aubert 1817</subfield>
    </datafield>
    <datafield tag="260" ind1=" " ind2=" ">
      <subfield code="a">[Paris]</subfield>
      <subfield code="b">Langlois</subfield>
      <subfield code="c">1817</subfield>
    </datafield>
    <datafield tag="300" ind1=" " ind2=" ">
      <subfield code="a">1 Kt.</subfield>
      <subfield code="b">kolor.</subfield>
      <subfield code="c">Blattgr. 58 x 42 cm</subfield>
    </datafield>
    <datafield tag="337" ind1=" " ind2=" ">
      <subfield code="a">Karte</subfield>
    </datafield>
    <datafield tag="500" ind1=" " ind2=" ">
      <subfield code="a">Aus: Humboldt, Alexander von: Atlas Géographique Et Physique Des Régions Equinoxiales Du Nouveau Continent ; 2. - Ohne Maßstab. - Titel unterhalb des Bildes. - Mit Höhen- und Vegetationsangaben</subfield>
    </datafield>
    <datafield tag="520" ind1="3" ind2="#">
      <subfield code="a">Vegetationsprofil des Pico del Teide auf Teneriffa</subfield>
    </datafield>
    <datafield tag="650" ind1=" " ind2="4">
      <subfield code="a">Altkarte</subfield>
    </datafield>
    <datafield tag="650" ind1=" " ind2="4">
      <subfield code="a">Vegetationshöhenstufen</subfield>
    </datafield>
    <datafield tag="650" ind1=" " ind2="4">
      <subfield code="a">Tropen</subfield>
    </datafield>
    <datafield tag="651" ind1=" " ind2="4">
      <subfield code="a">Islas Canarias (Kanarische Inseln)</subfield>
    </datafield>
    <datafield tag="651" ind1=" " ind2="4">
      <subfield code="a">Afrikanische Inseln im Atlantischen Ozean</subfield>
    </datafield>
    <datafield tag="700" ind1="2" ind2=" ">
      <subfield code="a">Buch, Leopold von</subfield>
    </datafield>
    <datafield tag="700" ind1="2" ind2=" ">
      <subfield code="a">Smith, Christen</subfield>
    </datafield>
    <datafield tag="700" ind1="2" ind2=" ">
      <subfield code="a">Marchais, L.</subfield>
    </datafield>
    <datafield tag="700" ind1="2" ind2=" ">
      <subfield code="a">Langlois, ...</subfield>
    </datafield>
    <datafield tag="700" ind1="2" ind2=" ">
      <subfield code="a">Coutant, L.</subfield>
    </datafield>
    <datafield tag="700" ind1="2" ind2=" ">
      <subfield code="a">Aubert, Jean-Louis</subfield>
    </datafield>
    <datafield tag="700" ind1="2" ind2=" ">
      <subfield code="a">Humboldt, Alexander von</subfield>
      <subfield code="1">118554700</subfield>
    </datafield>
    <datafield tag="841" ind1=" " ind2=" ">
      <subfield code="a">em__</subfield>
      <subfield code="b">1817</subfield>
      <subfield code="c">3</subfield>
    </datafield>
    <datafield tag="852" ind1=" " ind2=" ">
      <subfield code="a">DE-185</subfield>
      <subfield code="c">Historische Abteilung</subfield>
      <subfield code="m">HK 1467</subfield>
      <subfield code="t">177734001</subfield>
    </datafield>
    <datafield tag="856" ind1=" " ind2=" ">
      <subfield code="a">https://ifl.wissensbank.com/fastlink.html?search=177734000</subfield>
      <subfield code="3">permalink</subfield>
    </datafield>
    <datafield tag="856" ind1=" " ind2=" ">
      <subfield code="a">https://ifl.wissensbank.com/cgi-bin/starfetch.exe?h8fccJRwRaepJ2U05oGytfvq0OuR@Wq4th44PzRqyjZ0rsSDVU7DqI1C85.h6Yg9dl5.V6qtRGRX5yQAn@PEt1YEkFJ5E2hGExq3Vhas4hdAQY2OGnGgiqEF7T2SkQ3SRTFfVmybFtMqlAo0@2drAQ/HK%201467.jpg</subfield>
      <subfield code="3">file</subfield>
    </datafield>
  </record>