
  <record>
    <leader>01250nem  22002893  4500</leader>
    <controlfield tag="001">178095000</controlfield>
    <controlfield tag="003">DE-185</controlfield>
    <controlfield tag="007">ta</controlfield>
    <controlfield tag="008">1824                             i|ger</controlfield>
    <datafield tag="041" ind1=" " ind2=" ">
      <subfield code="a">ger</subfield>
    </datafield>
    <datafield tag="084" ind1=" " ind2=" ">
      <subfield code="a">RA05.05 Historische deutsche Gebiete</subfield>
    </datafield>
    <datafield tag="225" ind1=" " ind2=" ">
      <subfield code="a">1:50.000</subfield>
      <subfield code="c">E 15°28'00"-E 15°46'42"/N 52°10'36"-N 52°01'39"</subfield>
    </datafield>
    <datafield tag="245" ind1="1" ind2="0">
      <subfield code="a">Plan der Schlacht bei Kay am 23ten Juli 1759</subfield>
    </datafield>
    <datafield tag="260" ind1=" " ind2=" ">
      <subfield code="a">[Berlin]</subfield>
      <subfield code="b">[Preußischer Generalstab]</subfield>
      <subfield code="c">[zwischen 1824 u. 1851]</subfield>
    </datafield>
    <datafield tag="300" ind1=" " ind2=" ">
      <subfield code="a">1 Kt.</subfield>
      <subfield code="b">teilw. kolor.</subfield>
      <subfield code="c">50 x 35 cm</subfield>
    </datafield>
    <datafield tag="337" ind1=" " ind2=" ">
      <subfield code="a">Karte</subfield>
    </datafield>
    <datafield tag="500" ind1=" " ind2=" ">
      <subfield code="a">Vermutlich aus: Geschichte des siebenjährigen Krieges, in einer Reihe von Vorlesungen, mit Benutzung authentischer Quellen / bearb. von den Offizieren des grossen Generalstabs. - Titel und Maßstab unten rechts. - Mit Truppenstellungen und Truppenbewegungen. - Ohne Kt.-Netz. - Relief: Schraffen</subfield>
    </datafield>
    <datafield tag="520" ind1="3" ind2="#">
      <subfield code="a">Schlachtenkarte von Kay und Palzig im Jahr 1759 während des Siebenjährigen Krieges</subfield>
    </datafield>
    <datafield tag="650" ind1=" " ind2="4">
      <subfield code="a">Altkarte</subfield>
    </datafield>
    <datafield tag="650" ind1=" " ind2="4">
      <subfield code="a">Militärkartographie</subfield>
    </datafield>
    <datafield tag="651" ind1=" " ind2="4">
      <subfield code="a">Neumark</subfield>
    </datafield>
    <datafield tag="651" ind1=" " ind2="4">
      <subfield code="a">Kije (Kay)</subfield>
    </datafield>
    <datafield tag="651" ind1=" " ind2="4">
      <subfield code="a">Pałck (Palzig)</subfield>
    </datafield>
    <datafield tag="651" ind1=" " ind2="4">
      <subfield code="a">Pałck (Palzig)</subfield>
    </datafield>
    <datafield tag="653" ind1="1" ind2=" ">
      <subfield code="a">Krieg/Bürgerkrieg</subfield>
    </datafield>
    <datafield tag="841" ind1=" " ind2=" ">
      <subfield code="a">em__</subfield>
      <subfield code="b">1824</subfield>
      <subfield code="c">3</subfield>
    </datafield>
    <datafield tag="852" ind1=" " ind2=" ">
      <subfield code="a">DE-185</subfield>
      <subfield code="c">Historische Abteilung</subfield>
      <subfield code="m">HK 1499</subfield>
      <subfield code="t">178095001</subfield>
    </datafield>
    <datafield tag="856" ind1=" " ind2=" ">
      <subfield code="a">https://ifl.wissensbank.com/fastlink.html?search=178095000</subfield>
      <subfield code="3">permalink</subfield>
    </datafield>
    <datafield tag="856" ind1=" " ind2=" ">
      <subfield code="a">https://ifl.wissensbank.com/cgi-bin/starfetch.exe?7ZCwy9GhXhbrueZc8am6PD.gzPJ@b2OVjo7TQFx7S9YRBnsKCTfxaCzxjjCx0UNzH4dPjaOWc658ceU9N.IUw1GH1wKqnXkN2dA8XMWX9kefR9khlA@oXB585gmOVQsjubSmDUt0aY0WO@QBL@5bVg/HK%201499.jpg</subfield>
      <subfield code="3">file</subfield>
    </datafield>
  </record>