
  <record>
    <leader>01250nem  22002893  4500</leader>
    <controlfield tag="001">178132000</controlfield>
    <controlfield tag="003">DE-185</controlfield>
    <controlfield tag="007">ta</controlfield>
    <controlfield tag="008">1824                             i|ger</controlfield>
    <datafield tag="041" ind1=" " ind2=" ">
      <subfield code="a">ger</subfield>
    </datafield>
    <datafield tag="084" ind1=" " ind2=" ">
      <subfield code="a">RA05.05 Historische deutsche Gebiete</subfield>
    </datafield>
    <datafield tag="225" ind1=" " ind2=" ">
      <subfield code="a">1:25.000</subfield>
      <subfield code="c">E 16°58'55"-E 17°06'04"/N 51°55'00"-N 51°50'13"</subfield>
    </datafield>
    <datafield tag="245" ind1="1" ind2="0">
      <subfield code="a">Plan des Gefechts bei Gostyn am 15ten September 1761</subfield>
      <subfield code="c">Maierski [?]</subfield>
    </datafield>
    <datafield tag="260" ind1=" " ind2=" ">
      <subfield code="a">[Berlin]</subfield>
      <subfield code="b">[Preußischer Generalstab]</subfield>
      <subfield code="c">[zwischen 1824 u. 1851]</subfield>
    </datafield>
    <datafield tag="300" ind1=" " ind2=" ">
      <subfield code="a">1 Kt.</subfield>
      <subfield code="b">teilw. kolor.</subfield>
      <subfield code="c">32 x 36 cm</subfield>
    </datafield>
    <datafield tag="337" ind1=" " ind2=" ">
      <subfield code="a">Karte</subfield>
    </datafield>
    <datafield tag="500" ind1=" " ind2=" ">
      <subfield code="a">Verfasserangabe schlecht lesbar. - Vermutlich aus: Geschichte des siebenjährigen Krieges, in einer Reihe von Vorlesungen, mit Benutzung authentischer Quellen / bearb. von den Offizieren des grossen Generalstabs. - Maßstab in graph. Form (Schr.). - Titel oberhalb des Kt.-Feldes. - Maßstab unten rechts. - Mit Truppenstellungen und Truppenbewegungen. - Ohne Kt.-Netz. - Relief: Schraffen</subfield>
    </datafield>
    <datafield tag="520" ind1="3" ind2="#">
      <subfield code="a">Schlachtenkarte der Region Gostyn im Jahr 1761 während des Siebenjährigen Krieges</subfield>
    </datafield>
    <datafield tag="650" ind1=" " ind2="4">
      <subfield code="a">Altkarte</subfield>
    </datafield>
    <datafield tag="650" ind1=" " ind2="4">
      <subfield code="a">Militärkartographie</subfield>
    </datafield>
    <datafield tag="651" ind1=" " ind2="4">
      <subfield code="a">Gostyń (reg.)</subfield>
    </datafield>
    <datafield tag="651" ind1=" " ind2="4">
      <subfield code="a">Gostyń (reg.)</subfield>
    </datafield>
    <datafield tag="653" ind1="1" ind2=" ">
      <subfield code="a">Krieg/Bürgerkrieg</subfield>
    </datafield>
    <datafield tag="700" ind1="2" ind2=" ">
      <subfield code="a">Maierski, ...</subfield>
    </datafield>
    <datafield tag="841" ind1=" " ind2=" ">
      <subfield code="a">em__</subfield>
      <subfield code="b">1824</subfield>
      <subfield code="c">3</subfield>
    </datafield>
    <datafield tag="852" ind1=" " ind2=" ">
      <subfield code="a">DE-185</subfield>
      <subfield code="c">Historische Abteilung</subfield>
      <subfield code="m">HK 1507</subfield>
      <subfield code="t">178132001</subfield>
    </datafield>
    <datafield tag="856" ind1=" " ind2=" ">
      <subfield code="a">https://ifl.wissensbank.com/fastlink.html?search=178132000</subfield>
      <subfield code="3">permalink</subfield>
    </datafield>
    <datafield tag="856" ind1=" " ind2=" ">
      <subfield code="a">https://ifl.wissensbank.com/cgi-bin/starfetch.exe?TJkNP1n9X9BCr7iljFi91yY08gLLoIFuzlJs2sLyWrv6YFz0M2e.WBneQT9XALPgU6W2xuit5hHw9kwxDfeDLGhaQyiNeNVmmXZzYrZhTF4tW92N@BUX9Dxxc1hFgRQlvwX0.7DkecO6sb.mPjtX8Q/HK%201507.jpg</subfield>
      <subfield code="3">file</subfield>
    </datafield>
  </record>