
  <record>
    <leader>01250nem  22002893  4500</leader>
    <controlfield tag="001">178292000</controlfield>
    <controlfield tag="003">DE-185</controlfield>
    <controlfield tag="007">ta</controlfield>
    <controlfield tag="008">1837                             i|ger</controlfield>
    <datafield tag="041" ind1=" " ind2=" ">
      <subfield code="a">ger</subfield>
    </datafield>
    <datafield tag="084" ind1=" " ind2=" ">
      <subfield code="a">RA05.01 Deutschland</subfield>
    </datafield>
    <datafield tag="084" ind1=" " ind2=" ">
      <subfield code="a">RA05.21 Tschechische Republik</subfield>
    </datafield>
    <datafield tag="225" ind1=" " ind2=" ">
      <subfield code="c">E 13°50'00"-E 15°21'00"/N 51°20'00"-N 50°33'00"</subfield>
    </datafield>
    <datafield tag="245" ind1="1" ind2="0">
      <subfield code="a">Das Lausitzer Gebirge und die umliegenden Gegenden</subfield>
      <subfield code="b">vorzüglich für Reisende in dieses Gebirge und in die sogenannte Saechsische Schweiz</subfield>
      <subfield code="c">nach den besten 1832 vorhandenen Hülfsmitteln entworfen von C. F. Weiland. Gestochen von C. Köhn</subfield>
    </datafield>
    <datafield tag="260" ind1=" " ind2=" ">
      <subfield code="a">Weimar</subfield>
      <subfield code="b">Verlag des geographischen Instituts</subfield>
      <subfield code="c">1837</subfield>
    </datafield>
    <datafield tag="300" ind1=" " ind2=" ">
      <subfield code="a">1 Kt.</subfield>
      <subfield code="b">unkolor.</subfield>
      <subfield code="c">49 x 39 cm</subfield>
    </datafield>
    <datafield tag="337" ind1=" " ind2=" ">
      <subfield code="a">Karte</subfield>
    </datafield>
    <datafield tag="500" ind1=" " ind2=" ">
      <subfield code="a">Maßstab in graph. Form (geograph. Meilen, österreichische Meilen). - Titel und Legende oben rechts. - Maßstab unten Mitte. - Erl. der Gebirgshöhen unten rechts. - Mit 1 Höhenübersicht. - Relief: Schraffen</subfield>
    </datafield>
    <datafield tag="520" ind1="3" ind2="#">
      <subfield code="a">Gegend um das Lausitzer Gebirge und die Sächsische Schweiz mit Städten, Flüssen etc.</subfield>
    </datafield>
    <datafield tag="650" ind1=" " ind2="4">
      <subfield code="a">Altkarte</subfield>
    </datafield>
    <datafield tag="651" ind1=" " ind2="4">
      <subfield code="a">Deutschland</subfield>
    </datafield>
    <datafield tag="651" ind1=" " ind2="4">
      <subfield code="a">Tschechien</subfield>
    </datafield>
    <datafield tag="651" ind1=" " ind2="4">
      <subfield code="a">Lausitz</subfield>
    </datafield>
    <datafield tag="651" ind1=" " ind2="4">
      <subfield code="a">Severní Čechy (Nordböhmen)</subfield>
    </datafield>
    <datafield tag="651" ind1=" " ind2="4">
      <subfield code="a">Lausitzer Gebirge</subfield>
    </datafield>
    <datafield tag="651" ind1=" " ind2="4">
      <subfield code="a">Elbsandsteingebirge</subfield>
    </datafield>
    <datafield tag="651" ind1=" " ind2="4">
      <subfield code="a">Severní Čechy (Nordböhmen)</subfield>
    </datafield>
    <datafield tag="700" ind1="2" ind2=" ">
      <subfield code="a">Köhn, C.</subfield>
    </datafield>
    <datafield tag="700" ind1="2" ind2=" ">
      <subfield code="a">Weiland, Karl Ferdinand</subfield>
    </datafield>
    <datafield tag="841" ind1=" " ind2=" ">
      <subfield code="a">em__</subfield>
      <subfield code="b">1837</subfield>
      <subfield code="c">3</subfield>
    </datafield>
    <datafield tag="852" ind1=" " ind2=" ">
      <subfield code="a">DE-185</subfield>
      <subfield code="c">Historische Abteilung</subfield>
      <subfield code="m">HK 1111</subfield>
      <subfield code="t">178292001</subfield>
    </datafield>
    <datafield tag="856" ind1=" " ind2=" ">
      <subfield code="a">https://ifl.wissensbank.com/fastlink.html?search=178292000</subfield>
      <subfield code="3">permalink</subfield>
    </datafield>
    <datafield tag="856" ind1=" " ind2=" ">
      <subfield code="a">https://ifl.wissensbank.com/cgi-bin/starfetch.exe?GAa26rGbeZQlW@DSnNN6gjtYTdnudDkKCdBkuy5G2wXveRli8BsL1w0Y2JlI6hCKvp03K6Mna9nGIWL8FIidRYAg5t7DeVTos0Mx9gXDkzP0QVK5Dmc6yN2iiruWVTAtHT@xBWPLk4YzZKzAXec0fA/HK%201111.jpg</subfield>
      <subfield code="3">file</subfield>
    </datafield>
  </record>