
  <record>
    <leader>01250nem  22002893  4500</leader>
    <controlfield tag="001">178858000</controlfield>
    <controlfield tag="003">DE-185</controlfield>
    <controlfield tag="007">ta</controlfield>
    <controlfield tag="008">1720                             i|</controlfield>
    <datafield tag="084" ind1=" " ind2=" ">
      <subfield code="a">RA05.21 Tschechische Republik</subfield>
    </datafield>
    <datafield tag="225" ind1=" " ind2=" ">
      <subfield code="a">1:400.000</subfield>
      <subfield code="c">E 15°23'00"-E 18°17'00"/N 50°05'00"-N 48°26'00"</subfield>
    </datafield>
    <datafield tag="245" ind1="1" ind2="0">
      <subfield code="a">Tabula Generalis Marchionatus Moraviae In Sex Circulos Divisae</subfield>
      <subfield code="b">Cum Privilegio Sac. Caes. Maiestatis ; [Ca. 1:400 000]</subfield>
      <subfield code="c">quos Mandato Caesareo accurate emensus hac mappa delineatos exhibet Ioh. Christoph Müller S. C. M. Capitan. Editore Ioh. Bapt. Homanno</subfield>
    </datafield>
    <datafield tag="260" ind1=" " ind2=" ">
      <subfield code="a">Noribergae</subfield>
      <subfield code="b">Homann</subfield>
      <subfield code="c">[ca. 1720]</subfield>
    </datafield>
    <datafield tag="300" ind1=" " ind2=" ">
      <subfield code="a">1 Kt.</subfield>
      <subfield code="b">flächenkolor.</subfield>
      <subfield code="c">57 x 47 cm</subfield>
    </datafield>
    <datafield tag="337" ind1=" " ind2=" ">
      <subfield code="a">Karte</subfield>
    </datafield>
    <datafield tag="500" ind1=" " ind2=" ">
      <subfield code="a">Kupferst. - Relief angedeutet. - Maßstab in graph. Form (Scala Milliarium Moravicorum). - Titelkartusche oben links. - Maßstabskartusche unten links</subfield>
    </datafield>
    <datafield tag="520" ind1="3" ind2="#">
      <subfield code="a">6 Kreise Mährens</subfield>
    </datafield>
    <datafield tag="650" ind1=" " ind2="4">
      <subfield code="a">Altkarte</subfield>
    </datafield>
    <datafield tag="651" ind1=" " ind2="4">
      <subfield code="a">Tschechien</subfield>
    </datafield>
    <datafield tag="651" ind1=" " ind2="4">
      <subfield code="a">Mähren (Morava)</subfield>
    </datafield>
    <datafield tag="700" ind1="2" ind2=" ">
      <subfield code="a">Müller, Johann Christoph</subfield>
    </datafield>
    <datafield tag="700" ind1="2" ind2=" ">
      <subfield code="a">Homann, Johann Baptist</subfield>
    </datafield>
    <datafield tag="841" ind1=" " ind2=" ">
      <subfield code="a">em__</subfield>
      <subfield code="b">1720</subfield>
      <subfield code="c">3</subfield>
    </datafield>
    <datafield tag="852" ind1=" " ind2=" ">
      <subfield code="a">DE-185</subfield>
      <subfield code="c">Historische Abteilung</subfield>
      <subfield code="m">HK 0001</subfield>
      <subfield code="t">178858001</subfield>
    </datafield>
    <datafield tag="856" ind1=" " ind2=" ">
      <subfield code="a">https://ifl.wissensbank.com/fastlink.html?search=178858000</subfield>
      <subfield code="3">permalink</subfield>
    </datafield>
    <datafield tag="856" ind1=" " ind2=" ">
      <subfield code="a">https://ifl.wissensbank.com/cgi-bin/starfetch.exe?SIHv8wVtRRJzZG40hvlpUmUWpYAwXw78p7NMPAUmIrQRXmVmXfvvvYqbynz.u@2VzlV1Mn.AX@3FlWWnlOxTQX9fwI7SBNajlXCeUSWJ0wPmkNf7XXZWkKH6g6971I.zp4kkMAqaTYmNyGvdtUKbDQ/HK1.jpg</subfield>
      <subfield code="3">file</subfield>
    </datafield>
  </record>