
  <record>
    <leader>01250nem  22002893  4500</leader>
    <controlfield tag="001">178859000</controlfield>
    <controlfield tag="003">DE-185</controlfield>
    <controlfield tag="007">ta</controlfield>
    <controlfield tag="008">1720                             i|</controlfield>
    <datafield tag="084" ind1=" " ind2=" ">
      <subfield code="a">RA07 Osteuropa</subfield>
    </datafield>
    <datafield tag="225" ind1=" " ind2=" ">
      <subfield code="c">E 21°51'00"-E 43°39'00"/N 56°06'00"-N 42°09'00"</subfield>
    </datafield>
    <datafield tag="245" ind1="1" ind2="0">
      <subfield code="a">Ukrania quae et Terra Cosaccorum cum vicinis Walachiae, Moldaviae, Minorisque Tartariae provinciis</subfield>
      <subfield code="b">Cum Privilegio Sac. Caes. Maiestatis</subfield>
      <subfield code="c">exhibita à Ioh. Baptista Homanno</subfield>
    </datafield>
    <datafield tag="260" ind1=" " ind2=" ">
      <subfield code="a">Noribergae</subfield>
      <subfield code="b">Homann</subfield>
      <subfield code="c">[ca. 1720]</subfield>
    </datafield>
    <datafield tag="300" ind1=" " ind2=" ">
      <subfield code="a">1 Kt.</subfield>
      <subfield code="b">flächenkolor.</subfield>
      <subfield code="c">55 x 46 cm</subfield>
    </datafield>
    <datafield tag="337" ind1=" " ind2=" ">
      <subfield code="a">Karte</subfield>
    </datafield>
    <datafield tag="500" ind1=" " ind2=" ">
      <subfield code="a">Kupferst. - Relief plastisch als einzelne Hügel. - Maßstab in graph. Form (Milliaria Germanica, Milliaria Polonica). - Titelkartusche oben links. - Maßstab u. Erl. im Kt.-Bild</subfield>
    </datafield>
    <datafield tag="520" ind1="3" ind2="#">
      <subfield code="a">Landgebiete Ukraine, Krim, Moldawien, Transilvanien, Bulgarien; Schwarzes Meer</subfield>
    </datafield>
    <datafield tag="650" ind1=" " ind2="4">
      <subfield code="a">Altkarte</subfield>
    </datafield>
    <datafield tag="651" ind1=" " ind2="4">
      <subfield code="a">Osteuropa</subfield>
    </datafield>
    <datafield tag="651" ind1=" " ind2="4">
      <subfield code="a">Moldau</subfield>
    </datafield>
    <datafield tag="651" ind1=" " ind2="4">
      <subfield code="a">Ukraine</subfield>
    </datafield>
    <datafield tag="651" ind1=" " ind2="4">
      <subfield code="a">Valašsko (Walachei)</subfield>
    </datafield>
    <datafield tag="651" ind1=" " ind2="4">
      <subfield code="a">Tatarstan (Respublika)</subfield>
    </datafield>
    <datafield tag="651" ind1=" " ind2="4">
      <subfield code="a">Krim (Avtonomna Respublika)</subfield>
    </datafield>
    <datafield tag="651" ind1=" " ind2="4">
      <subfield code="a">Valašsko (Walachei)</subfield>
    </datafield>
    <datafield tag="700" ind1="2" ind2=" ">
      <subfield code="a">Homann, Johann Baptist</subfield>
    </datafield>
    <datafield tag="841" ind1=" " ind2=" ">
      <subfield code="a">em__</subfield>
      <subfield code="b">1720</subfield>
      <subfield code="c">3</subfield>
    </datafield>
    <datafield tag="852" ind1=" " ind2=" ">
      <subfield code="a">DE-185</subfield>
      <subfield code="c">Historische Abteilung</subfield>
      <subfield code="m">HK 0002</subfield>
      <subfield code="t">178859001</subfield>
    </datafield>
    <datafield tag="856" ind1=" " ind2=" ">
      <subfield code="a">https://ifl.wissensbank.com/fastlink.html?search=178859000</subfield>
      <subfield code="3">permalink</subfield>
    </datafield>
    <datafield tag="856" ind1=" " ind2=" ">
      <subfield code="a">https://ifl.wissensbank.com/cgi-bin/starfetch.exe?@sUsCGedKfs1F9QfqAOqT48Pvjb1LuSBQOaBTL5lP1JDqVdzqpN.UP5KP6SW9pcfWZgvepqb7F@zEJ653Fsq7p1juXZvvUWoijIlf9sdqAPtqXAb@WVDONXnwuAjSqhB11LJSLA@KeuZNQBwQ5n1@A/HK2.jpg</subfield>
      <subfield code="3">file</subfield>
    </datafield>
  </record>