
  <record>
    <leader>01250nem  22002893  4500</leader>
    <controlfield tag="001">178860000</controlfield>
    <controlfield tag="003">DE-185</controlfield>
    <controlfield tag="007">ta</controlfield>
    <controlfield tag="008">1715                             i|</controlfield>
    <datafield tag="084" ind1=" " ind2=" ">
      <subfield code="a">RG02.01 Palästina</subfield>
    </datafield>
    <datafield tag="084" ind1=" " ind2=" ">
      <subfield code="a">RG02.15 Israel</subfield>
    </datafield>
    <datafield tag="225" ind1=" " ind2=" ">
      <subfield code="c">E 32°39'00"-E 36°26'00"/N 33°38'00"-N 30°57'00"</subfield>
    </datafield>
    <datafield tag="245" ind1="1" ind2="0">
      <subfield code="a">Iudaea Seu Palaestina ob sacratißima Redentoris vestigia hodie dicta Terra Sancta prout olim In Duodecim Tribus Divisa, separatis ab invicem Regnis Iuda Et Israel expreßis insuper VI. ultimi temporis ejusdem Terrae Provinciis</subfield>
      <subfield code="b">Cum Privilegio Sac. Caes. Maiestatis</subfield>
      <subfield code="c">collecta ex Tabulis Guil. Sansonÿ Christ.ssimi Regis Geogr. à Ioh. Baptista Homanno</subfield>
    </datafield>
    <datafield tag="260" ind1=" " ind2=" ">
      <subfield code="a">Norimbergae</subfield>
      <subfield code="b">Homann</subfield>
      <subfield code="c">[ca. 1715]</subfield>
    </datafield>
    <datafield tag="300" ind1=" " ind2=" ">
      <subfield code="a">1 Kt.</subfield>
      <subfield code="b">flächenkolor.</subfield>
      <subfield code="c">56 x 47 cm</subfield>
    </datafield>
    <datafield tag="337" ind1=" " ind2=" ">
      <subfield code="a">Karte</subfield>
    </datafield>
    <datafield tag="500" ind1=" " ind2=" ">
      <subfield code="a">Kupferst. - Relief angedeutet. - Maßstab in graph. Form (Stadia, Mille Passus Geometrici). - Mit Nebenkt.: Populi Israëlitici ex Aegÿpto per Desertum in Terram Promissionis Canaan quadraginta annorum Iter. Stationes et Profectio. - Titelkartusche oben links. - Maßstab u. Erl. im Kt.-Bild. - Städte und Siedlungen durch Symbole unterschieden (Urbs Regia etc.)</subfield>
    </datafield>
    <datafield tag="520" ind1="3" ind2="#">
      <subfield code="a">Verwaltungsgebiete (Tribus) von Palästina, Judaea, Israel</subfield>
    </datafield>
    <datafield tag="650" ind1=" " ind2="4">
      <subfield code="a">Altkarte</subfield>
    </datafield>
    <datafield tag="650" ind1=" " ind2="4">
      <subfield code="a">Verwaltungskarte</subfield>
    </datafield>
    <datafield tag="651" ind1=" " ind2="4">
      <subfield code="a">Palästina</subfield>
    </datafield>
    <datafield tag="651" ind1=" " ind2="4">
      <subfield code="a">Israel</subfield>
    </datafield>
    <datafield tag="700" ind1="2" ind2=" ">
      <subfield code="a">Sanson, Guillaume</subfield>
    </datafield>
    <datafield tag="700" ind1="2" ind2=" ">
      <subfield code="a">Homann, Johann Baptist</subfield>
    </datafield>
    <datafield tag="841" ind1=" " ind2=" ">
      <subfield code="a">em__</subfield>
      <subfield code="b">1715</subfield>
      <subfield code="c">3</subfield>
    </datafield>
    <datafield tag="852" ind1=" " ind2=" ">
      <subfield code="a">DE-185</subfield>
      <subfield code="c">Historische Abteilung</subfield>
      <subfield code="m">HK 0004</subfield>
      <subfield code="t">178860001</subfield>
    </datafield>
    <datafield tag="856" ind1=" " ind2=" ">
      <subfield code="a">https://ifl.wissensbank.com/fastlink.html?search=178860000</subfield>
      <subfield code="3">permalink</subfield>
    </datafield>
    <datafield tag="856" ind1=" " ind2=" ">
      <subfield code="a">https://ifl.wissensbank.com/cgi-bin/starfetch.exe?M4EMNxQlbB3q9cB4ZxiJV20maJwAKac11LOSl.mFVHgs6aYjU7V8sMhH6RFwYqv.Z1KLqQJOaZzmv.nMrlQQSdBq3YV2ChFucJlGxyfOcwmVFPJYBAZ3zEe5auqVLJAGuL.RMu8UapZ5fcLNMCfQOg/HK4.jpg</subfield>
      <subfield code="3">file</subfield>
    </datafield>
  </record>