
  <record>
    <leader>01250nem  22002893  4500</leader>
    <controlfield tag="001">178861000</controlfield>
    <controlfield tag="003">DE-185</controlfield>
    <controlfield tag="007">ta</controlfield>
    <controlfield tag="008">1634                             i|</controlfield>
    <datafield tag="084" ind1=" " ind2=" ">
      <subfield code="a">RA06.02 Spanien</subfield>
    </datafield>
    <datafield tag="225" ind1=" " ind2=" ">
      <subfield code="c">W 9°57'00"-W 5°45'00"/N 43°56'00"-N 41°42'00"</subfield>
    </datafield>
    <datafield tag="245" ind1="1" ind2="0">
      <subfield code="a">Gallaecia Regnum</subfield>
      <subfield code="c">descripta a F. Fer. Ojea Ord. Praed. et postmodum multis in locis emendata et aucta</subfield>
    </datafield>
    <datafield tag="260" ind1=" " ind2=" ">
      <subfield code="a">[Amsterdam]</subfield>
      <subfield code="b">Apud Guilj. Blaeu</subfield>
      <subfield code="c">[1634]</subfield>
    </datafield>
    <datafield tag="300" ind1=" " ind2=" ">
      <subfield code="a">1 Kt.</subfield>
      <subfield code="b">unkolor.</subfield>
      <subfield code="c">47 x 36 cm</subfield>
    </datafield>
    <datafield tag="337" ind1=" " ind2=" ">
      <subfield code="a">Karte</subfield>
    </datafield>
    <datafield tag="500" ind1=" " ind2=" ">
      <subfield code="a">Kupferst. - Ab 1634 in den Blaeu-Atlanten nachgewiesen. - Koeman-Blaeu, Karte 6045:2, jedoch Rücks. ohne Text. - Maßstab in graph. Form (Milliaria Hispanica communia). - Titelkartusche unten links. - Wappen oben links. - Relief: Einzelberge</subfield>
    </datafield>
    <datafield tag="520" ind1="3" ind2="#">
      <subfield code="a">Nordportugal mit Wäldern etc.</subfield>
    </datafield>
    <datafield tag="650" ind1=" " ind2="4">
      <subfield code="a">Altkarte</subfield>
    </datafield>
    <datafield tag="651" ind1=" " ind2="4">
      <subfield code="a">Spanien</subfield>
    </datafield>
    <datafield tag="651" ind1=" " ind2="4">
      <subfield code="a">Regiao do Norte (Portugal)</subfield>
    </datafield>
    <datafield tag="700" ind1="2" ind2=" ">
      <subfield code="a">Blaeu, Willem Janszoon</subfield>
    </datafield>
    <datafield tag="700" ind1="2" ind2=" ">
      <subfield code="a">Ojea, Hernando</subfield>
    </datafield>
    <datafield tag="841" ind1=" " ind2=" ">
      <subfield code="a">em__</subfield>
      <subfield code="b">1634</subfield>
      <subfield code="c">3</subfield>
    </datafield>
    <datafield tag="852" ind1=" " ind2=" ">
      <subfield code="a">DE-185</subfield>
      <subfield code="c">Historische Abteilung</subfield>
      <subfield code="m">HK 0023</subfield>
      <subfield code="t">178861001</subfield>
    </datafield>
    <datafield tag="856" ind1=" " ind2=" ">
      <subfield code="a">https://ifl.wissensbank.com/fastlink.html?search=178861000</subfield>
      <subfield code="3">permalink</subfield>
    </datafield>
    <datafield tag="856" ind1=" " ind2=" ">
      <subfield code="a">https://ifl.wissensbank.com/cgi-bin/starfetch.exe?k2g82KRZvMSpvP0CNZy.DFFUvJyOvwF2@kstCheYGu6ZcacELOF3@BAHDQ1Rq69eOpy0FczFcbvLqgZAIu7AvjblK9HPoNv8z0Gid9KgbeMDcmd99o0rX4DUkflUee94lmDaQxfP52SvDoDmjy0J3g/HK23.jpg</subfield>
      <subfield code="3">file</subfield>
    </datafield>
  </record>