
  <record>
    <leader>01250nem  22002893  4500</leader>
    <controlfield tag="001">178862000</controlfield>
    <controlfield tag="003">DE-185</controlfield>
    <controlfield tag="007">ta</controlfield>
    <controlfield tag="008">1760                             i|fre</controlfield>
    <datafield tag="041" ind1=" " ind2=" ">
      <subfield code="a">fre</subfield>
      <subfield code="a">spa</subfield>
    </datafield>
    <datafield tag="084" ind1=" " ind2=" ">
      <subfield code="a">RI02.14 Philippinen</subfield>
    </datafield>
    <datafield tag="245" ind1="1" ind2="0">
      <subfield code="a">Carte Hydrographique &amp; Chorographique des Isles Philippines</subfield>
      <subfield code="b">par ordre de Sa Majesté</subfield>
      <subfield code="c">dressée à Sa Majesté Catholique, par le Brigadier Don Ferdinand Valdes Tamon, Chevalier de l'ordre de St. Jaques, Gouverneur et Capitaine Général des dites Isles. Dressée par le R. Pere Pierre Murillo Velarde, de la C. de Gieusu sur les Cartes les Rélations et les Navigations les plus exactes à Manille 1734. Tirée de l'Original, et réduite en cette forme par George Maurice Lowitz, Profess. en Mathem. à Nuremberg l'an 1750. Publiée par les Heritiers de Homann l'an 1760. L'Original est gravé par Nicolas de la Cruz de Bagay, Indien de Tagalos, à Manille l'an 1734</subfield>
    </datafield>
    <datafield tag="260" ind1=" " ind2=" ">
      <subfield code="a">Nuremberg</subfield>
      <subfield code="b">Héritiers de Homann [Homannsche Erben]</subfield>
      <subfield code="c">1760</subfield>
    </datafield>
    <datafield tag="300" ind1=" " ind2=" ">
      <subfield code="a">1 Kt.</subfield>
      <subfield code="b">flächenkolor.</subfield>
      <subfield code="c">52 x 90 cm</subfield>
    </datafield>
    <datafield tag="337" ind1=" " ind2=" ">
      <subfield code="a">Karte</subfield>
    </datafield>
    <datafield tag="500" ind1=" " ind2=" ">
      <subfield code="a">Kupferst. - Relief: Einzelberge. - Maßstab in graph. Form (Milliaria Germanica communia, Leucae Hispanicae). - Titelkartusche oben rechts. - Titel in span. oben Mitte. - Mit Erl. zur Entdeckung der Inseln</subfield>
    </datafield>
    <datafield tag="520" ind1="3" ind2="#">
      <subfield code="a">Großkarte der Philippinen mit Wäldern etc.</subfield>
    </datafield>
    <datafield tag="650" ind1=" " ind2="4">
      <subfield code="a">Altkarte</subfield>
    </datafield>
    <datafield tag="651" ind1=" " ind2="4">
      <subfield code="a">Philippinen</subfield>
    </datafield>
    <datafield tag="700" ind1="2" ind2=" ">
      <subfield code="a">Murillo Velarde, Pedro</subfield>
    </datafield>
    <datafield tag="700" ind1="2" ind2=" ">
      <subfield code="a">Lowitz, Georg Moriz</subfield>
    </datafield>
    <datafield tag="700" ind1="2" ind2=" ">
      <subfield code="a">Cruz de Bagay, Nicolas de la</subfield>
    </datafield>
    <datafield tag="700" ind1="2" ind2=" ">
      <subfield code="a">Valdes Tamon, Fernando</subfield>
    </datafield>
    <datafield tag="841" ind1=" " ind2=" ">
      <subfield code="a">em__</subfield>
      <subfield code="b">1760</subfield>
      <subfield code="c">3</subfield>
    </datafield>
    <datafield tag="852" ind1=" " ind2=" ">
      <subfield code="a">DE-185</subfield>
      <subfield code="c">Historische Abteilung</subfield>
      <subfield code="m">HK 0024</subfield>
      <subfield code="t">178862001</subfield>
    </datafield>
    <datafield tag="856" ind1=" " ind2=" ">
      <subfield code="a">https://ifl.wissensbank.com/fastlink.html?search=178862000</subfield>
      <subfield code="3">permalink</subfield>
    </datafield>
  </record>