
  <record>
    <leader>01250nem  22002893  4500</leader>
    <controlfield tag="001">178863000</controlfield>
    <controlfield tag="003">DE-185</controlfield>
    <controlfield tag="007">ta</controlfield>
    <controlfield tag="008">1680                             i|</controlfield>
    <datafield tag="084" ind1=" " ind2=" ">
      <subfield code="a">RA04.03 Niederlande</subfield>
    </datafield>
    <datafield tag="225" ind1=" " ind2=" ">
      <subfield code="c">E 3°49'00"-E 5°59'00"/N 52°45'00"-N 51°30'00"</subfield>
    </datafield>
    <datafield tag="245" ind1="1" ind2="0">
      <subfield code="a">Comitatus Hollandiae Tabula</subfield>
      <subfield code="b">Pluribus Locis Recens Emendata</subfield>
      <subfield code="c">a Iusto Danckerts</subfield>
    </datafield>
    <datafield tag="260" ind1=" " ind2=" ">
      <subfield code="a">[Amsterdam]</subfield>
      <subfield code="b">Iusto Danckerts</subfield>
      <subfield code="c">[um 1680]</subfield>
    </datafield>
    <datafield tag="300" ind1=" " ind2=" ">
      <subfield code="a">1 Kt.</subfield>
      <subfield code="b">unkolor.</subfield>
      <subfield code="c">53 x 42</subfield>
    </datafield>
    <datafield tag="337" ind1=" " ind2=" ">
      <subfield code="a">Karte</subfield>
    </datafield>
    <datafield tag="500" ind1=" " ind2=" ">
      <subfield code="a">Kupferst. - WNW oben. - Maßstab in graph. Form (Gemene Duÿtsche Mÿlen, Uren gaens). - Titel oben. - Maßstabskartusche unten Mitte. - Wappenkartusche oben rechts. - Mit Nebenkt.: De resterende Eÿlanden van Hollant alhier bÿgevoecht. - Ohne Relief</subfield>
    </datafield>
    <datafield tag="520" ind1="3" ind2="#">
      <subfield code="a">Holland mit Wäldern, Straßen, Mooren etc., Westfriesische Inseln</subfield>
    </datafield>
    <datafield tag="650" ind1=" " ind2="4">
      <subfield code="a">Altkarte</subfield>
    </datafield>
    <datafield tag="651" ind1=" " ind2="4">
      <subfield code="a">Niederlande</subfield>
    </datafield>
    <datafield tag="700" ind1="2" ind2=" ">
      <subfield code="a">Danckerts, Justus</subfield>
    </datafield>
    <datafield tag="841" ind1=" " ind2=" ">
      <subfield code="a">em__</subfield>
      <subfield code="b">1680</subfield>
      <subfield code="c">3</subfield>
    </datafield>
    <datafield tag="852" ind1=" " ind2=" ">
      <subfield code="a">DE-185</subfield>
      <subfield code="c">Historische Abteilung</subfield>
      <subfield code="m">HK 0047</subfield>
      <subfield code="t">178863001</subfield>
    </datafield>
    <datafield tag="856" ind1=" " ind2=" ">
      <subfield code="a">https://ifl.wissensbank.com/fastlink.html?search=178863000</subfield>
      <subfield code="3">permalink</subfield>
    </datafield>
    <datafield tag="856" ind1=" " ind2=" ">
      <subfield code="a">https://ifl.wissensbank.com/cgi-bin/starfetch.exe?scPlJLEMn5uNpvjGkLd8GhUVtuydVh.IMK@I5UFaUu1Tyer1xJ.I.qpTrk8UQafNBLEfGJ8TFJb5ScqAsn1SeaZJrpae0MW4Aew5idkJCWM061O9FqDlRSDz1XSSOZeGX.6TM147L@2YRU5FRQuuTw/HK47.jpg</subfield>
      <subfield code="3">file</subfield>
    </datafield>
  </record>