
  <record>
    <leader>01250nem  22002893  4500</leader>
    <controlfield tag="001">178877000</controlfield>
    <controlfield tag="003">DE-185</controlfield>
    <controlfield tag="007">ta</controlfield>
    <controlfield tag="008">1702                             i|</controlfield>
    <datafield tag="084" ind1=" " ind2=" ">
      <subfield code="a">RA06.03 Italien</subfield>
    </datafield>
    <datafield tag="225" ind1=" " ind2=" ">
      <subfield code="c">E 7°47'00"-E 11°13'00"/N 46°14'00"-N 44°11'00"</subfield>
    </datafield>
    <datafield tag="245" ind1="1" ind2="0">
      <subfield code="a">Belli Typus in Italia, victricis Aquilae progreßus In Statu Mediolanensi et Ducatu Mantuae demonstrans</subfield>
      <subfield code="b">Cum Privilegio Sac. Caes. Maj.</subfield>
      <subfield code="c">Tabula recens emendata, et aucta per Io. Bapt. Homannum</subfield>
    </datafield>
    <datafield tag="260" ind1=" " ind2=" ">
      <subfield code="a">[Nürnberg]</subfield>
      <subfield code="b">[Johann Baptist Homann]</subfield>
      <subfield code="c">1702 [erschienen nach 1707]</subfield>
    </datafield>
    <datafield tag="300" ind1=" " ind2=" ">
      <subfield code="a">1 Kt.</subfield>
      <subfield code="b">teilw. flächenkolor.</subfield>
      <subfield code="c">53 x 45</subfield>
    </datafield>
    <datafield tag="337" ind1=" " ind2=" ">
      <subfield code="a">Karte</subfield>
    </datafield>
    <datafield tag="500" ind1=" " ind2=" ">
      <subfield code="a">Maßstab in graph. Form (Milliaria Germanica, Milliaria Italica). - Titelkartusche unten rechts mit Ansicht von Cremona. - Relief: Einzelberge angedeutet</subfield>
    </datafield>
    <datafield tag="520" ind1="3" ind2="#">
      <subfield code="a">Militärkarte von Oberitalien mit Festungen, Straßen etc.</subfield>
    </datafield>
    <datafield tag="650" ind1=" " ind2="4">
      <subfield code="a">Altkarte</subfield>
    </datafield>
    <datafield tag="650" ind1=" " ind2="4">
      <subfield code="a">Militärkartographie</subfield>
    </datafield>
    <datafield tag="651" ind1=" " ind2="4">
      <subfield code="a">Italien</subfield>
    </datafield>
    <datafield tag="651" ind1=" " ind2="4">
      <subfield code="a">Italien (Nord)</subfield>
    </datafield>
    <datafield tag="700" ind1="2" ind2=" ">
      <subfield code="a">Homann, Johann Baptist</subfield>
    </datafield>
    <datafield tag="841" ind1=" " ind2=" ">
      <subfield code="a">em__</subfield>
      <subfield code="b">1702</subfield>
      <subfield code="c">3</subfield>
    </datafield>
    <datafield tag="852" ind1=" " ind2=" ">
      <subfield code="a">DE-185</subfield>
      <subfield code="c">Historische Abteilung</subfield>
      <subfield code="m">HK 0052</subfield>
      <subfield code="t">178877001</subfield>
    </datafield>
    <datafield tag="856" ind1=" " ind2=" ">
      <subfield code="a">https://ifl.wissensbank.com/fastlink.html?search=178877000</subfield>
      <subfield code="3">permalink</subfield>
    </datafield>
    <datafield tag="856" ind1=" " ind2=" ">
      <subfield code="a">https://ifl.wissensbank.com/cgi-bin/starfetch.exe?oPR1.9ptyEHJOiTjxfUiwYTtSDOXbvnHFYqBe8SK6ZRpgPSiRVHpdU2a.faL7wUgVIjixW51JljY509DgGJ5sypc0emuXe6kLj8yzRp1DpcwcIhyaV42pSR04N3EWrsSeVskEFsbe.8TWQ@LH9uXpw/HK52.jpg</subfield>
      <subfield code="3">file</subfield>
    </datafield>
  </record>