
  <record>
    <leader>01250nem  22002893  4500</leader>
    <controlfield tag="001">178878000</controlfield>
    <controlfield tag="003">DE-185</controlfield>
    <controlfield tag="007">ta</controlfield>
    <controlfield tag="008">1707                             i|</controlfield>
    <datafield tag="084" ind1=" " ind2=" ">
      <subfield code="a">RA06.03 Italien</subfield>
    </datafield>
    <datafield tag="225" ind1=" " ind2=" ">
      <subfield code="c">E 7°02'00"-E 17°24'00"/N 41°38'00"-N 35°28'00"</subfield>
    </datafield>
    <datafield tag="245" ind1="1" ind2="0">
      <subfield code="a">Regnorum Siciliae Et Sardiniae nec non Melitae seu Maltae Insula cum adjectis Italiae et Africae Litoribus Nova Tabula</subfield>
      <subfield code="b">Cum Privilegio Sac. Caes. Majestatis</subfield>
      <subfield code="c">Auctore Ioh. Bapt. Homanno Geogra[phe]</subfield>
    </datafield>
    <datafield tag="260" ind1=" " ind2=" ">
      <subfield code="a">Norimbergae</subfield>
      <subfield code="b">Homann</subfield>
      <subfield code="c">[erschienen nach 1707]</subfield>
    </datafield>
    <datafield tag="300" ind1=" " ind2=" ">
      <subfield code="a">1 Kt.</subfield>
      <subfield code="b">flächenkolor.</subfield>
      <subfield code="c">56 x 47 cm</subfield>
    </datafield>
    <datafield tag="337" ind1=" " ind2=" ">
      <subfield code="a">Karte</subfield>
    </datafield>
    <datafield tag="500" ind1=" " ind2=" ">
      <subfield code="a">Kupferst. - Mit 2 Nebenkt.: Cataneae urbis eique vicini Montis Aetnae in Sicilia prospectus. Valletta civitas Maltae celeberrima, Melitensium Equitum Sedes primariaet propuonaculum adversus Turcas invictissimum (unten rechts). - Maßstab in graph. Form (Milliaria Germanica, Milliaria Gallica, Milliaria Italica). - Titelkartusche oben Mitte. - Wappenkartusche unten rechts. - Relief: Berge angedeuted</subfield>
    </datafield>
    <datafield tag="520" ind1="3" ind2="#">
      <subfield code="a">Verwaltungskarte von Sizilien und Sardinien mit Wälder etc.</subfield>
    </datafield>
    <datafield tag="650" ind1=" " ind2="4">
      <subfield code="a">Altkarte</subfield>
    </datafield>
    <datafield tag="650" ind1=" " ind2="4">
      <subfield code="a">Verwaltungskarte</subfield>
    </datafield>
    <datafield tag="651" ind1=" " ind2="4">
      <subfield code="a">Italien</subfield>
    </datafield>
    <datafield tag="651" ind1=" " ind2="4">
      <subfield code="a">Sardegna</subfield>
    </datafield>
    <datafield tag="651" ind1=" " ind2="4">
      <subfield code="a">Sicilia</subfield>
    </datafield>
    <datafield tag="700" ind1="2" ind2=" ">
      <subfield code="a">Homann, Johann Baptist</subfield>
    </datafield>
    <datafield tag="841" ind1=" " ind2=" ">
      <subfield code="a">em__</subfield>
      <subfield code="b">1707</subfield>
      <subfield code="c">3</subfield>
    </datafield>
    <datafield tag="852" ind1=" " ind2=" ">
      <subfield code="a">DE-185</subfield>
      <subfield code="c">Historische Abteilung</subfield>
      <subfield code="m">HK 0053</subfield>
      <subfield code="t">178878001</subfield>
    </datafield>
    <datafield tag="856" ind1=" " ind2=" ">
      <subfield code="a">https://ifl.wissensbank.com/fastlink.html?search=178878000</subfield>
      <subfield code="3">permalink</subfield>
    </datafield>
    <datafield tag="856" ind1=" " ind2=" ">
      <subfield code="a">https://ifl.wissensbank.com/cgi-bin/starfetch.exe?IxpGd4z0dOlDrVfDwsMMq83F8V5k8KsY4nvPBbiNnT4vpSf70uz4XYFGFh6Q7.NjmCUXaY0@9glAI55OAXGRshkFZJVE2xnV.OHCjB4AVDwG5jsq245SmUzFrUkiri4tqHO3pRUG8mODSR3.u6VQjQ/HK53.jpg</subfield>
      <subfield code="3">file</subfield>
    </datafield>
  </record>