
  <record>
    <leader>01250nem  22002893  4500</leader>
    <controlfield tag="001">178950000</controlfield>
    <controlfield tag="003">DE-185</controlfield>
    <controlfield tag="007">ta</controlfield>
    <controlfield tag="008">1715                             i|</controlfield>
    <datafield tag="084" ind1=" " ind2=" ">
      <subfield code="a">RB Amerika (insgesamt)</subfield>
    </datafield>
    <datafield tag="225" ind1=" " ind2=" ">
      <subfield code="a">1:9.300.000</subfield>
      <subfield code="c">W 107°46'00"-W 59°36'00"/N 46°49'00"-N 8°04'00"</subfield>
    </datafield>
    <datafield tag="245" ind1="1" ind2="0">
      <subfield code="a">Regni Mexicani Seu Novae Hispaniae, Ludovicianae, N. Angliae, Carolinae, Virginiae et Pensylvaniae nec non Insularum Archipelagi Mexicani In America Septentrionali accurata Tabula</subfield>
      <subfield code="b">Cum Privilegio Sac. Caes. Maiestatis ; [Ca. 1:9 300 000]</subfield>
      <subfield code="c">exhibita à Ioh. Baptista Homanno</subfield>
    </datafield>
    <datafield tag="260" ind1=" " ind2=" ">
      <subfield code="a">Noribergae</subfield>
      <subfield code="b">Homann</subfield>
      <subfield code="c">[nach 1715]</subfield>
    </datafield>
    <datafield tag="300" ind1=" " ind2=" ">
      <subfield code="a">1 Kt.</subfield>
      <subfield code="b">flächenkolor.</subfield>
      <subfield code="c">56 x 46 cm</subfield>
    </datafield>
    <datafield tag="337" ind1=" " ind2=" ">
      <subfield code="a">Karte</subfield>
    </datafield>
    <datafield tag="500" ind1=" " ind2=" ">
      <subfield code="a">Kupferst. - Maßstab in graph. Form (Milliaria Gallica vulgaria, Milliaria maritima Gallica vel Hispanica vulgaria, Milliaria maritima Hispanica, Milliaria Anglica). - Titelkartusche oben links. - Maßstab im Kt.-Bild. - Mit graph. Darst. rechts Mitte und links unten. - Größendarst. Nordamerikas fehlerhaft (N-S-Entfernung zu klein). - Relief angedeutet</subfield>
    </datafield>
    <datafield tag="520" ind1="3" ind2="#">
      <subfield code="a">Südöstliches Nordamerika, Mittelamerika, Karibik (mit Seeverkehrsrouten)</subfield>
    </datafield>
    <datafield tag="650" ind1=" " ind2="4">
      <subfield code="a">Altkarte</subfield>
    </datafield>
    <datafield tag="651" ind1=" " ind2="4">
      <subfield code="a">USA (Süd)</subfield>
    </datafield>
    <datafield tag="651" ind1=" " ind2="4">
      <subfield code="a">Mexiko</subfield>
    </datafield>
    <datafield tag="651" ind1=" " ind2="4">
      <subfield code="a">Mittelamerika</subfield>
    </datafield>
    <datafield tag="700" ind1="2" ind2=" ">
      <subfield code="a">Homann, Johann Baptist</subfield>
    </datafield>
    <datafield tag="841" ind1=" " ind2=" ">
      <subfield code="a">em__</subfield>
      <subfield code="b">1715</subfield>
      <subfield code="c">3</subfield>
    </datafield>
    <datafield tag="852" ind1=" " ind2=" ">
      <subfield code="a">DE-185</subfield>
      <subfield code="c">Historische Abteilung</subfield>
      <subfield code="m">HK 0003</subfield>
      <subfield code="t">178950001</subfield>
    </datafield>
    <datafield tag="856" ind1=" " ind2=" ">
      <subfield code="a">https://ifl.wissensbank.com/fastlink.html?search=178950000</subfield>
      <subfield code="3">permalink</subfield>
    </datafield>
    <datafield tag="856" ind1=" " ind2=" ">
      <subfield code="a">https://ifl.wissensbank.com/cgi-bin/starfetch.exe?JA79Zmqwq1GoyiGD8Get1@EWg0mdUh5@Ecmc2GqZPbpmhf8j8W93SDF7tPhqksL4R35.mp3qYRkRVDEnHgcXqF7FOtNFoF2FmHm9@p5lcuP2qzmFSOFWfYMZsFGCDt@Dgx@pXSYQVzGNpyQ84dH@fw/HK3.jpg</subfield>
      <subfield code="3">file</subfield>
    </datafield>
  </record>