
  <record>
    <leader>01250nem  22002893  4500</leader>
    <controlfield tag="001">178951000</controlfield>
    <controlfield tag="003">DE-185</controlfield>
    <controlfield tag="007">ta</controlfield>
    <controlfield tag="008">1737                             i|</controlfield>
    <datafield tag="084" ind1=" " ind2=" ">
      <subfield code="a">RL04 Mittelmeer/Mittelmeerraum</subfield>
    </datafield>
    <datafield tag="225" ind1=" " ind2=" ">
      <subfield code="c">E 4°38'00"-E 62°05'00"/N 48°16'00"-N 12°33'00"</subfield>
    </datafield>
    <datafield tag="245" ind1="1" ind2="0">
      <subfield code="a">Imperium Turcicum in Europa, Asia et Africa</subfield>
      <subfield code="b">Regiones Proprias, Tributarias, Clientilaresque sicut et omnes eusdem Beglirbegatus seu Praefecturas Generales exhibens ; Cum Privil. S. C. M.</subfield>
      <subfield code="c">sumtibus Io. Baptistae Homanni. Ex novissimis relationibus ad mentem hodiernorum Geographorum Hasy, Islaei, Anvillÿ, aec. correcta, et ad Meridianum primum per Insulam Ferro reducta</subfield>
    </datafield>
    <datafield tag="260" ind1=" " ind2=" ">
      <subfield code="a">Noribergae</subfield>
      <subfield code="b">Homann</subfield>
      <subfield code="c">1737</subfield>
    </datafield>
    <datafield tag="300" ind1=" " ind2=" ">
      <subfield code="a">1 Kt.</subfield>
      <subfield code="b">teilweise kolor.</subfield>
      <subfield code="c">57 x 47 cm</subfield>
    </datafield>
    <datafield tag="337" ind1=" " ind2=" ">
      <subfield code="a">Karte</subfield>
    </datafield>
    <datafield tag="500" ind1=" " ind2=" ">
      <subfield code="a">Maßstab in graph. Form (Milliaria Germanica comm., Milliaria Turcica terrestria). - Nullmeridian: Ferro. - Titel- und Maßstabskartusche unten links. - Relief als Einzelberge angedeutet</subfield>
    </datafield>
    <datafield tag="520" ind1="3" ind2="#">
      <subfield code="a">Verwaltungsgebiete (Provinzen) des Osmanischen Reichs</subfield>
    </datafield>
    <datafield tag="650" ind1=" " ind2="4">
      <subfield code="a">Altkarte</subfield>
    </datafield>
    <datafield tag="650" ind1=" " ind2="4">
      <subfield code="a">Verwaltungskarte</subfield>
    </datafield>
    <datafield tag="651" ind1=" " ind2="4">
      <subfield code="a">Mittelmeerraum</subfield>
    </datafield>
    <datafield tag="651" ind1=" " ind2="4">
      <subfield code="a">Osmanisches Reich</subfield>
    </datafield>
    <datafield tag="651" ind1=" " ind2="4">
      <subfield code="a">Naher und Mittlerer Osten</subfield>
    </datafield>
    <datafield tag="653" ind1="1" ind2=" ">
      <subfield code="a">Osten</subfield>
    </datafield>
    <datafield tag="700" ind1="2" ind2=" ">
      <subfield code="a">Haas, Johann Matthias</subfield>
    </datafield>
    <datafield tag="700" ind1="2" ind2=" ">
      <subfield code="a">L'Isle, Guillaume de</subfield>
    </datafield>
    <datafield tag="700" ind1="2" ind2=" ">
      <subfield code="a">Anville, Jean-Baptiste Bourguignon d'</subfield>
    </datafield>
    <datafield tag="700" ind1="2" ind2=" ">
      <subfield code="a">Homann, Johann Baptist</subfield>
    </datafield>
    <datafield tag="841" ind1=" " ind2=" ">
      <subfield code="a">em__</subfield>
      <subfield code="b">1737</subfield>
      <subfield code="c">3</subfield>
    </datafield>
    <datafield tag="852" ind1=" " ind2=" ">
      <subfield code="a">DE-185</subfield>
      <subfield code="c">Historische Abteilung</subfield>
      <subfield code="m">HK 0005</subfield>
      <subfield code="t">178951001</subfield>
    </datafield>
    <datafield tag="856" ind1=" " ind2=" ">
      <subfield code="a">https://ifl.wissensbank.com/fastlink.html?search=178951000</subfield>
      <subfield code="3">permalink</subfield>
    </datafield>
    <datafield tag="856" ind1=" " ind2=" ">
      <subfield code="a">https://ifl.wissensbank.com/cgi-bin/starfetch.exe?KdCqGq7kVk4EB@9l98sVQlsXgywZ.TLG1ayahAeJfbd@LEL.z2UUjcSpdrLiM8B5PXHc@0gFDYFeIv03x.AnplSSw.hSzVvCPSrpHwEyQXiGwhMZmJFgDsPvFSyORPqReaDAzmCua.vP7jGV8gFLgg/HK5.jpg</subfield>
      <subfield code="3">file</subfield>
    </datafield>
  </record>