
  <record>
    <leader>01250nem  22002893  4500</leader>
    <controlfield tag="001">178955000</controlfield>
    <controlfield tag="003">DE-185</controlfield>
    <controlfield tag="007">ta</controlfield>
    <controlfield tag="008">1715                             i|</controlfield>
    <datafield tag="084" ind1=" " ind2=" ">
      <subfield code="a">RA04.02 Vereinigtes Königreich</subfield>
    </datafield>
    <datafield tag="225" ind1=" " ind2=" ">
      <subfield code="c">W 6°28'00"-E 1°37'00"/N 55°42'00"-N 49°39'00"</subfield>
    </datafield>
    <datafield tag="245" ind1="1" ind2="0">
      <subfield code="a">Magnae Britanniae Pars Meridionalis in qua Regnum Angliae Tam in Septem Antiqua Anglo-Saxonum Regna quam in omnes Hodiernas Regiones accurate divisum hic ostenditur</subfield>
      <subfield code="b">Cum Privilegio Sac. Caes. Maiestatis</subfield>
      <subfield code="c">quam tabulam ab Archetypo Vischeriano desumptam exhibet Ioh. Bapt. Homannus</subfield>
    </datafield>
    <datafield tag="260" ind1=" " ind2=" ">
      <subfield code="a">Noribergae</subfield>
      <subfield code="b">Homann</subfield>
      <subfield code="c">[nach 1715]</subfield>
    </datafield>
    <datafield tag="300" ind1=" " ind2=" ">
      <subfield code="a">1 Kt.</subfield>
      <subfield code="b">flächenkolor.</subfield>
      <subfield code="c">47 x 55 cm</subfield>
    </datafield>
    <datafield tag="337" ind1=" " ind2=" ">
      <subfield code="a">Karte</subfield>
    </datafield>
    <datafield tag="500" ind1=" " ind2=" ">
      <subfield code="a">Maßstab in graphischer Form (Milliaria Anglica et Italica, Milliaria Germanica communia). - Titelkartusche oben rechts. - Weitere Kartusche mit höfischer Genreszene unten Mitte. - Wappenkartusche links. - Relief: Einzelberge plastisch</subfield>
    </datafield>
    <datafield tag="520" ind1="3" ind2="#">
      <subfield code="a">Verwaltungskarte mit Herzogtümern und Grafschaften, Verkehrswege</subfield>
    </datafield>
    <datafield tag="650" ind1=" " ind2="4">
      <subfield code="a">Altkarte</subfield>
    </datafield>
    <datafield tag="650" ind1=" " ind2="4">
      <subfield code="a">Verwaltungskarte</subfield>
    </datafield>
    <datafield tag="651" ind1=" " ind2="4">
      <subfield code="a">Vereinigtes Königreich</subfield>
    </datafield>
    <datafield tag="651" ind1=" " ind2="4">
      <subfield code="a">Großbritannien</subfield>
    </datafield>
    <datafield tag="651" ind1=" " ind2="4">
      <subfield code="a">England</subfield>
    </datafield>
    <datafield tag="651" ind1=" " ind2="4">
      <subfield code="a">Wales</subfield>
    </datafield>
    <datafield tag="700" ind1="2" ind2=" ">
      <subfield code="a">Visscher, ...</subfield>
    </datafield>
    <datafield tag="700" ind1="2" ind2=" ">
      <subfield code="a">Homann, Johann Baptist</subfield>
    </datafield>
    <datafield tag="841" ind1=" " ind2=" ">
      <subfield code="a">em__</subfield>
      <subfield code="b">1715</subfield>
      <subfield code="c">3</subfield>
    </datafield>
    <datafield tag="852" ind1=" " ind2=" ">
      <subfield code="a">DE-185</subfield>
      <subfield code="c">Historische Abteilung</subfield>
      <subfield code="m">HK 0009</subfield>
      <subfield code="t">178955001</subfield>
    </datafield>
    <datafield tag="856" ind1=" " ind2=" ">
      <subfield code="a">https://ifl.wissensbank.com/fastlink.html?search=178955000</subfield>
      <subfield code="3">permalink</subfield>
    </datafield>
    <datafield tag="856" ind1=" " ind2=" ">
      <subfield code="a">https://ifl.wissensbank.com/cgi-bin/starfetch.exe?VoYdGAGku3PIikvokB23.8xpt1KZIbtgsdPiqsdPYgUsPumfLAEFy7pne90um8AZHouB3sjSIOi.0@nBDGQ@bwR2j7Lu4wVfXX.0AdJ.LUaRBpLliW3fBKAOoE2w7ijcfG9CPir8UKHgj24lQNOZ6g/HK9.jpg</subfield>
      <subfield code="3">file</subfield>
    </datafield>
  </record>