
  <record>
    <leader>01250nem  22002893  4500</leader>
    <controlfield tag="001">178962000</controlfield>
    <controlfield tag="003">DE-185</controlfield>
    <controlfield tag="007">ta</controlfield>
    <controlfield tag="008">1700                             i|</controlfield>
    <datafield tag="084" ind1=" " ind2=" ">
      <subfield code="a">RA04.03 Niederlande</subfield>
    </datafield>
    <datafield tag="084" ind1=" " ind2=" ">
      <subfield code="a">RA04.04 Belgien</subfield>
    </datafield>
    <datafield tag="225" ind1=" " ind2=" ">
      <subfield code="c">E 0°56'00"-E 7°39'00"/N 53°33'00"-N 49°41'00"</subfield>
    </datafield>
    <datafield tag="245" ind1="1" ind2="0">
      <subfield code="a">Novissima et accuratissima XVII Provinciarum Germaniae Inferioris Tabula</subfield>
      <subfield code="b">spectatissimo Consultissimoque Viro Do. Iohanni Munter Consuli Urbis Amstelaedamensis nec non in Consessu Sicietatis Indicae Orientalis Assessori gravissimo Tabulam hanc D. D. D. Justus Danckerts venderisse</subfield>
    </datafield>
    <datafield tag="260" ind1=" " ind2=" ">
      <subfield code="a">[Amsterdam]</subfield>
      <subfield code="b">Ex officina Iusti Danckers</subfield>
      <subfield code="c">[zwischen 1684 u. 1700]</subfield>
    </datafield>
    <datafield tag="300" ind1=" " ind2=" ">
      <subfield code="a">1 Kt.</subfield>
      <subfield code="b">Grenzen und Kartuschen kolor.</subfield>
      <subfield code="c">54 x 46 cm</subfield>
    </datafield>
    <datafield tag="337" ind1=" " ind2=" ">
      <subfield code="a">Karte</subfield>
    </datafield>
    <datafield tag="500" ind1=" " ind2=" ">
      <subfield code="a">Maßstab in graph. Form (Milliaria Germanica com., Milliaria Gallica communia). - W oben. - Titelkartusche oben rechts. - Maßstabskartusche unten links. - Erl.-Kartusche mit Wappen oben links. - Relief mit Schraffen</subfield>
    </datafield>
    <datafield tag="520" ind1="3" ind2="#">
      <subfield code="a">Verwaltungskarte der Niederlande mit Wäldern, Sandbänken etc.</subfield>
    </datafield>
    <datafield tag="650" ind1=" " ind2="4">
      <subfield code="a">Altkarte</subfield>
    </datafield>
    <datafield tag="650" ind1=" " ind2="4">
      <subfield code="a">Verwaltungskarte</subfield>
    </datafield>
    <datafield tag="651" ind1=" " ind2="4">
      <subfield code="a">Niederlande</subfield>
    </datafield>
    <datafield tag="651" ind1=" " ind2="4">
      <subfield code="a">Belgien</subfield>
    </datafield>
    <datafield tag="700" ind1="2" ind2=" ">
      <subfield code="a">Munter, Johann</subfield>
    </datafield>
    <datafield tag="700" ind1="2" ind2=" ">
      <subfield code="a">Danckerts, Justus</subfield>
    </datafield>
    <datafield tag="841" ind1=" " ind2=" ">
      <subfield code="a">em__</subfield>
      <subfield code="b">1700</subfield>
      <subfield code="c">3</subfield>
    </datafield>
    <datafield tag="852" ind1=" " ind2=" ">
      <subfield code="a">DE-185</subfield>
      <subfield code="c">Historische Abteilung</subfield>
      <subfield code="m">HK 0016</subfield>
      <subfield code="t">178962001</subfield>
    </datafield>
    <datafield tag="856" ind1=" " ind2=" ">
      <subfield code="a">https://ifl.wissensbank.com/fastlink.html?search=178962000</subfield>
      <subfield code="3">permalink</subfield>
    </datafield>
    <datafield tag="856" ind1=" " ind2=" ">
      <subfield code="a">https://ifl.wissensbank.com/cgi-bin/starfetch.exe?wnlShKFBLfoE9XuS1TvgVCIkElAglSgtIjuBbF8AEN0Jeq.oqRQ3RS.96aSzMEERSyi8riDYUFhmtfeQLyWA4loMfd7hAcPvPgNcnWzzJ0pLwL0CmzN0S5grY0c3YWqZL@gZqDaSbz1OkQPS4DI2zQ/HK16.jpg</subfield>
      <subfield code="3">file</subfield>
    </datafield>
  </record>