
  <record>
    <leader>01250nem  22002893  4500</leader>
    <controlfield tag="001">178963000</controlfield>
    <controlfield tag="003">DE-185</controlfield>
    <controlfield tag="007">ta</controlfield>
    <controlfield tag="008">1750                             i|</controlfield>
    <datafield tag="084" ind1=" " ind2=" ">
      <subfield code="a">RL04 Mittelmeer/Mittelmeerraum</subfield>
    </datafield>
    <datafield tag="225" ind1=" " ind2=" ">
      <subfield code="c">E 14°12'00"-E 60°17'00"/N 51°26'00"-N 10°14'00"</subfield>
    </datafield>
    <datafield tag="245" ind1="1" ind2="0">
      <subfield code="a">Magni Turcarum Dominatoris Imperium per Europam, Asiam, et Africam</subfield>
      <subfield code="b">se extendens Regiones tam proprias, quam tributarias et clientelares ut et omnes Beglerbegatus sive Praefecturas Generales oculis sistens ; cum Gratia et Privil. S. R. I. Vicariatus in partibus Rheni Sveviae et Iuris Francon.</subfield>
      <subfield code="c">accuratissima cura delineatum per Tob. Conr. Lotter, Chalcogr. et Geogr. Abraham Drentwet Iunior del.</subfield>
    </datafield>
    <datafield tag="260" ind1=" " ind2=" ">
      <subfield code="a">Aug.</subfield>
      <subfield code="c">[um 1750]</subfield>
    </datafield>
    <datafield tag="300" ind1=" " ind2=" ">
      <subfield code="a">1 Kt.</subfield>
      <subfield code="b">teilw. flächenkolor.</subfield>
      <subfield code="c">56 x 48 cm</subfield>
    </datafield>
    <datafield tag="337" ind1=" " ind2=" ">
      <subfield code="a">Karte</subfield>
    </datafield>
    <datafield tag="500" ind1=" " ind2=" ">
      <subfield code="a">Maßstab in graph. Form (Milliaria Germanica com., Milliaria Gallica com.). - Titel- und Maßstabskartusche unten links. - Relief angedeutet</subfield>
    </datafield>
    <datafield tag="520" ind1="3" ind2="#">
      <subfield code="a">Verwaltungskarte des Osmanischen Reiches mit Wäldern etc.</subfield>
    </datafield>
    <datafield tag="650" ind1=" " ind2="4">
      <subfield code="a">Altkarte</subfield>
    </datafield>
    <datafield tag="650" ind1=" " ind2="4">
      <subfield code="a">Verwaltungskarte</subfield>
    </datafield>
    <datafield tag="651" ind1=" " ind2="4">
      <subfield code="a">Mittelmeerraum</subfield>
    </datafield>
    <datafield tag="651" ind1=" " ind2="4">
      <subfield code="a">Osmanisches Reich</subfield>
    </datafield>
    <datafield tag="651" ind1=" " ind2="4">
      <subfield code="a">Naher und Mittlerer Osten</subfield>
    </datafield>
    <datafield tag="653" ind1="1" ind2=" ">
      <subfield code="a">Osten</subfield>
    </datafield>
    <datafield tag="700" ind1="2" ind2=" ">
      <subfield code="a">Lotter, Tobias Conrad</subfield>
    </datafield>
    <datafield tag="700" ind1="2" ind2=" ">
      <subfield code="a">Drentwett, Abraham</subfield>
    </datafield>
    <datafield tag="841" ind1=" " ind2=" ">
      <subfield code="a">em__</subfield>
      <subfield code="b">1750</subfield>
      <subfield code="c">3</subfield>
    </datafield>
    <datafield tag="852" ind1=" " ind2=" ">
      <subfield code="a">DE-185</subfield>
      <subfield code="c">Historische Abteilung</subfield>
      <subfield code="m">HK 0017</subfield>
      <subfield code="t">178963001</subfield>
    </datafield>
    <datafield tag="856" ind1=" " ind2=" ">
      <subfield code="a">https://ifl.wissensbank.com/fastlink.html?search=178963000</subfield>
      <subfield code="3">permalink</subfield>
    </datafield>
    <datafield tag="856" ind1=" " ind2=" ">
      <subfield code="a">https://ifl.wissensbank.com/cgi-bin/starfetch.exe?xs4M6w4YDNaWYrFoC4@79sqBWWS9981GasZ07Fd052AB3nD@46zGlWZnoWmskAoPmkHgq@lola1jpAx0jYV2JGSaP9GEVEkuSP8w248HFfa.sHOYgH8s3CczvPIU0.npO0uq0wFQqUcKdO0Bgd7zWQ/HK17.jpg</subfield>
      <subfield code="3">file</subfield>
    </datafield>
  </record>