
  <record>
    <leader>01250nem  22002893  4500</leader>
    <controlfield tag="001">178968000</controlfield>
    <controlfield tag="003">DE-185</controlfield>
    <controlfield tag="007">ta</controlfield>
    <controlfield tag="008">1809                             i|ger</controlfield>
    <datafield tag="041" ind1=" " ind2=" ">
      <subfield code="a">ger</subfield>
    </datafield>
    <datafield tag="084" ind1=" " ind2=" ">
      <subfield code="a">RA07.21 Russische Föderation</subfield>
    </datafield>
    <datafield tag="225" ind1=" " ind2=" ">
      <subfield code="c">E 102°23'00"-W 148°21'00"/N 66°48'00"-N 40°28'00"</subfield>
    </datafield>
    <datafield tag="245" ind1="1" ind2="0">
      <subfield code="a">Charte des ganzen Russischen-Reiches in Europa und Asien</subfield>
      <subfield code="b">nach den neuesten und sichersten astronomischen Ortsbestimmungen entworfen und berichtigt auf der Sternwarte Seeberg bey Gotha</subfield>
      <subfield code="c">gezeichnet von I. C. M. Reinecke. Berichtigt im October 1809</subfield>
    </datafield>
    <datafield tag="260" ind1=" " ind2=" ">
      <subfield code="a">Weimar</subfield>
      <subfield code="b">Verlag des Geographischen Institutes</subfield>
      <subfield code="c">1809</subfield>
    </datafield>
    <datafield tag="300" ind1=" " ind2=" ">
      <subfield code="a">2 Kt.</subfield>
      <subfield code="b">flächenkolor., Grenzen kolor.</subfield>
      <subfield code="c">Gesamtgr. 103 x 47 cm, je Teil 51 x 47 cm</subfield>
    </datafield>
    <datafield tag="337" ind1=" " ind2=" ">
      <subfield code="a">Karte</subfield>
    </datafield>
    <datafield tag="500" ind1=" " ind2=" ">
      <subfield code="a">Maßstab in graph. Form (Geographische Meilen, Russische Werste). - Titel unten links. - Relief: Gebirge mit Schraffen angedeutet</subfield>
    </datafield>
    <datafield tag="520" ind1="3" ind2="#">
      <subfield code="a">Westrussland mit Provinzen, Ostsibirien stark generalisiert</subfield>
    </datafield>
    <datafield tag="650" ind1=" " ind2="4">
      <subfield code="a">Altkarte</subfield>
    </datafield>
    <datafield tag="651" ind1=" " ind2="4">
      <subfield code="a">Russland</subfield>
    </datafield>
    <datafield tag="700" ind1="2" ind2=" ">
      <subfield code="a">Reinecke, Johann Christoph Matthias</subfield>
    </datafield>
    <datafield tag="710" ind1="2" ind2=" ">
      <subfield code="a">Geographisches Institut (Weimar)</subfield>
    </datafield>
    <datafield tag="841" ind1=" " ind2=" ">
      <subfield code="a">em__</subfield>
      <subfield code="b">1809</subfield>
      <subfield code="c">3</subfield>
    </datafield>
    <datafield tag="852" ind1=" " ind2=" ">
      <subfield code="a">DE-185</subfield>
      <subfield code="c">Historische Abteilung</subfield>
      <subfield code="m">HK 0021</subfield>
      <subfield code="t">178968001</subfield>
    </datafield>
    <datafield tag="856" ind1=" " ind2=" ">
      <subfield code="a">https://ifl.wissensbank.com/fastlink.html?search=178968000</subfield>
      <subfield code="3">permalink</subfield>
    </datafield>
    <datafield tag="856" ind1=" " ind2=" ">
      <subfield code="a">https://ifl.wissensbank.com/cgi-bin/starfetch.exe?BOT6GDfa270aPZcNwnfmnIAdD1bb7qCIBauVtc4C2EnJArzkvGRgpy@uN.vP0Q2cMG0gj8WtM6u9sV2bG6@cW63KTezgzRQAuLRuKm.zz58M2xuBRnR7Bfbm65cc9I0gJVPZbM5NgVCS61j@ibhthg/HK22.jpg</subfield>
      <subfield code="3">file</subfield>
    </datafield>
  </record>