
  <record>
    <leader>01250nem  22002893  4500</leader>
    <controlfield tag="001">178969000</controlfield>
    <controlfield tag="003">DE-185</controlfield>
    <controlfield tag="007">ta</controlfield>
    <controlfield tag="008">1692                             i|fre</controlfield>
    <datafield tag="041" ind1=" " ind2=" ">
      <subfield code="a">fre</subfield>
    </datafield>
    <datafield tag="084" ind1=" " ind2=" ">
      <subfield code="a">RA06.01 Portugal</subfield>
    </datafield>
    <datafield tag="084" ind1=" " ind2=" ">
      <subfield code="a">RA06.02 Spanien</subfield>
    </datafield>
    <datafield tag="225" ind1=" " ind2=" ">
      <subfield code="c">W 12°10'00"-E 5°34'00"/N 44°54'00"-N 34°59'00"</subfield>
    </datafield>
    <datafield tag="245" ind1="1" ind2="0">
      <subfield code="a">L'Espagne divisée en tous ses Royaumes et Principautés</subfield>
      <subfield code="b">suivant qu'ils sont compris sous Les Couronnes De Castille, et D'Aragon, possedées par Le Roy Catholique: et sous La Couronne De Portugal Poßedée par La Roy De Portugal ; avec Privilege de sa Majesté pour 20 ans</subfield>
      <subfield code="c">tiré de plusieurs Memoires les plus recents. Par le Sr. Sanson Geographe du Roy. Presentée A Monseigneur La Dauphin</subfield>
    </datafield>
    <datafield tag="260" ind1=" " ind2=" ">
      <subfield code="a">Paris</subfield>
      <subfield code="b">H. Iaillot</subfield>
      <subfield code="c">1692</subfield>
    </datafield>
    <datafield tag="300" ind1=" " ind2=" ">
      <subfield code="a">1 Kt.</subfield>
      <subfield code="b">Grenzen kolor.</subfield>
      <subfield code="c">85 x 53 cm</subfield>
    </datafield>
    <datafield tag="337" ind1=" " ind2=" ">
      <subfield code="a">Karte</subfield>
    </datafield>
    <datafield tag="500" ind1=" " ind2=" ">
      <subfield code="a">Maßstab in graph. Form (Mille Pas Geometriques ou Milles d'Italie, Lieuës Communes de France, Lieuës Communes d'Allemagne). - Titelkartusche unten rechts. - Maßstabskartusche unten links. - Widmungskartusche oben links. - Relief: Kette von Einzelbergen</subfield>
    </datafield>
    <datafield tag="520" ind1="3" ind2="#">
      <subfield code="a">Spanien und Portugal mit Provinzeinteilung</subfield>
    </datafield>
    <datafield tag="650" ind1=" " ind2="4">
      <subfield code="a">Altkarte</subfield>
    </datafield>
    <datafield tag="651" ind1=" " ind2="4">
      <subfield code="a">Portugal</subfield>
    </datafield>
    <datafield tag="651" ind1=" " ind2="4">
      <subfield code="a">Spanien</subfield>
    </datafield>
    <datafield tag="700" ind1="2" ind2=" ">
      <subfield code="a">Sanson, Guillaume</subfield>
    </datafield>
    <datafield tag="700" ind1="2" ind2=" ">
      <subfield code="a">Jaillot, Alexis-Hubert</subfield>
    </datafield>
    <datafield tag="841" ind1=" " ind2=" ">
      <subfield code="a">em__</subfield>
      <subfield code="b">1692</subfield>
      <subfield code="c">3</subfield>
    </datafield>
    <datafield tag="852" ind1=" " ind2=" ">
      <subfield code="a">DE-185</subfield>
      <subfield code="c">Historische Abteilung</subfield>
      <subfield code="m">HK 0025</subfield>
      <subfield code="t">178969001</subfield>
    </datafield>
    <datafield tag="856" ind1=" " ind2=" ">
      <subfield code="a">https://ifl.wissensbank.com/fastlink.html?search=178969000</subfield>
      <subfield code="3">permalink</subfield>
    </datafield>
    <datafield tag="856" ind1=" " ind2=" ">
      <subfield code="a">https://ifl.wissensbank.com/cgi-bin/starfetch.exe?W3Z1biE97UUNR1cq0pduTsnnhtuZZnAudjhQw0QdqHcKLjuXI@JXGIBMckU4jH8ZetZiCvbGypboglLu01HtiKRrHQR6iJjJOMocQm.c9QdVH14aHzINxzph07E6P2@lCe7fCvRjzudNlPs6gHPDbw/HK25.jpg</subfield>
      <subfield code="3">file</subfield>
    </datafield>
  </record>