
  <record>
    <leader>01250nem  22002893  4500</leader>
    <controlfield tag="001">178974000</controlfield>
    <controlfield tag="003">DE-185</controlfield>
    <controlfield tag="007">ta</controlfield>
    <controlfield tag="008">1710                             i|fre</controlfield>
    <datafield tag="041" ind1=" " ind2=" ">
      <subfield code="a">fre</subfield>
    </datafield>
    <datafield tag="084" ind1=" " ind2=" ">
      <subfield code="a">RA04.06 Frankreich</subfield>
    </datafield>
    <datafield tag="084" ind1=" " ind2=" ">
      <subfield code="a">RA06.02 Spanien</subfield>
    </datafield>
    <datafield tag="225" ind1=" " ind2=" ">
      <subfield code="c">W 1°51'00"-E 3°20'00"/N 43°43'00"-N 40°32'00"</subfield>
    </datafield>
    <datafield tag="245" ind1="1" ind2="0">
      <subfield code="a">Les Frontieres De France et D'Espagne</subfield>
      <subfield code="b">tant deça que de la les Monts Pirenées ou se trouvent marqués les Cols, Ports, Pertuys et autres Passages Interieurs de la Montagne ; dressés et dediées à Monseigneur le Dauphin</subfield>
      <subfield code="c">par son tres-humble et tres Obeisent Serviteur et Geographe de Fer. A Paris chez G. Danet gendre de l'auteur sur le Pont Nôtre Dame a la Sphere Royale. H. van Loon Sculps.</subfield>
    </datafield>
    <datafield tag="260" ind1=" " ind2=" ">
      <subfield code="a">Paris</subfield>
      <subfield code="b">Danet</subfield>
      <subfield code="c">[ca. 1710]</subfield>
    </datafield>
    <datafield tag="300" ind1=" " ind2=" ">
      <subfield code="a">1 Kt.</subfield>
      <subfield code="b">Grenzen kolor.</subfield>
      <subfield code="c">58 x 49 cm</subfield>
    </datafield>
    <datafield tag="337" ind1=" " ind2=" ">
      <subfield code="a">Karte</subfield>
    </datafield>
    <datafield tag="500" ind1=" " ind2=" ">
      <subfield code="a">Maßstab in graph. Form (Heures de Chemin, Lieües de Catalogne). - Titelkartusche oben rechts. - Maßstabskartusche unten links. - Relief: Einzelberge als Ketten</subfield>
    </datafield>
    <datafield tag="520" ind1="3" ind2="#">
      <subfield code="a">Grenzgebiet zwischen Frankreich und Spanien mit Wäldern etc.</subfield>
    </datafield>
    <datafield tag="650" ind1=" " ind2="4">
      <subfield code="a">Altkarte</subfield>
    </datafield>
    <datafield tag="651" ind1=" " ind2="4">
      <subfield code="a">Frankreich (Süd)</subfield>
    </datafield>
    <datafield tag="651" ind1=" " ind2="4">
      <subfield code="a">Pyrenäen</subfield>
    </datafield>
    <datafield tag="651" ind1=" " ind2="4">
      <subfield code="a">Spanien (Nord)</subfield>
    </datafield>
    <datafield tag="700" ind1="2" ind2=" ">
      <subfield code="a">Fer, Nicolas de</subfield>
    </datafield>
    <datafield tag="700" ind1="2" ind2=" ">
      <subfield code="a">Loon, Herman van</subfield>
    </datafield>
    <datafield tag="700" ind1="2" ind2=" ">
      <subfield code="a">Danet, Guillaume</subfield>
    </datafield>
    <datafield tag="841" ind1=" " ind2=" ">
      <subfield code="a">em__</subfield>
      <subfield code="b">1710</subfield>
      <subfield code="c">3</subfield>
    </datafield>
    <datafield tag="852" ind1=" " ind2=" ">
      <subfield code="a">DE-185</subfield>
      <subfield code="c">Historische Abteilung</subfield>
      <subfield code="m">HK 0030</subfield>
      <subfield code="t">178974001</subfield>
    </datafield>
    <datafield tag="856" ind1=" " ind2=" ">
      <subfield code="a">https://ifl.wissensbank.com/fastlink.html?search=178974000</subfield>
      <subfield code="3">permalink</subfield>
    </datafield>
    <datafield tag="856" ind1=" " ind2=" ">
      <subfield code="a">https://ifl.wissensbank.com/cgi-bin/starfetch.exe?SQBgb@DmFvnyrt@E6CzW7etJq@qzSTZSvDV@3ilHfTKncnPV@uU7WdghEkjlE7O5qvoS1LeJi@rW7BMkkOsvTUdhlDNcDlzgjdctr6W25SawFwXMcg4nkU2qwoRCsA3DPXP@2gniG2p1n2Y1xEcYNQ/HK30.jpg</subfield>
      <subfield code="3">file</subfield>
    </datafield>
  </record>