
  <record>
    <leader>01250nem  22002893  4500</leader>
    <controlfield tag="001">178977000</controlfield>
    <controlfield tag="003">DE-185</controlfield>
    <controlfield tag="007">ta</controlfield>
    <controlfield tag="008">1701                             i|fre</controlfield>
    <datafield tag="041" ind1=" " ind2=" ">
      <subfield code="a">fre</subfield>
    </datafield>
    <datafield tag="084" ind1=" " ind2=" ">
      <subfield code="a">RA06.02 Spanien</subfield>
    </datafield>
    <datafield tag="225" ind1=" " ind2=" ">
      <subfield code="c">W 10°24'00"-E 6°41'00"/N 44°25'00"-N 34°01'00"</subfield>
    </datafield>
    <datafield tag="245" ind1="1" ind2="0">
      <subfield code="a">L'Espagne</subfield>
      <subfield code="b">dressée sur la Description qui en a été faite par Rodrigo Mendez Sylva et sur plusieurs Relations et Cartes Manuscrites ou imprimées de ce Royaume Rectiées par les Observations de Messieurs de l'Academie des Sciences &amp; autres Astronomes ; avec Privilege du Roy pour 20 ans</subfield>
      <subfield code="c">Par G. De L'Isle Geographe du Roy. A Paris Chez l'Auteur dans le Quai de l'Orloge. Car. Simonneau inv et sculp. Berey sculpist</subfield>
    </datafield>
    <datafield tag="260" ind1=" " ind2=" ">
      <subfield code="a">Paris</subfield>
      <subfield code="b">Chez l'Auteur</subfield>
      <subfield code="c">1701</subfield>
    </datafield>
    <datafield tag="300" ind1=" " ind2=" ">
      <subfield code="a">1 Kt.</subfield>
      <subfield code="b">Grenzen kolor.</subfield>
      <subfield code="c">61 x 44 cm</subfield>
    </datafield>
    <datafield tag="337" ind1=" " ind2=" ">
      <subfield code="a">Karte</subfield>
    </datafield>
    <datafield tag="500" ind1=" " ind2=" ">
      <subfield code="a">Maßstab in graph. Form (Lieües Communes d'Espagne, Lieües Marines d'Espagne). - Titelkartusche oben rechts. - Relief: Einzelberge</subfield>
    </datafield>
    <datafield tag="520" ind1="3" ind2="#">
      <subfield code="a">Verwaltungskarte der Iberischen Halbinsel</subfield>
    </datafield>
    <datafield tag="650" ind1=" " ind2="4">
      <subfield code="a">Altkarte</subfield>
    </datafield>
    <datafield tag="650" ind1=" " ind2="4">
      <subfield code="a">Verwaltungskarte</subfield>
    </datafield>
    <datafield tag="651" ind1=" " ind2="4">
      <subfield code="a">Spanien</subfield>
    </datafield>
    <datafield tag="700" ind1="2" ind2=" ">
      <subfield code="a">Simonneau, Charles</subfield>
    </datafield>
    <datafield tag="700" ind1="2" ind2=" ">
      <subfield code="a">Berey, Charles A. de</subfield>
    </datafield>
    <datafield tag="700" ind1="2" ind2=" ">
      <subfield code="a">L'Isle, Guillaume de</subfield>
    </datafield>
    <datafield tag="700" ind1="2" ind2=" ">
      <subfield code="a">Silva, Rodrigo Mendes da</subfield>
    </datafield>
    <datafield tag="841" ind1=" " ind2=" ">
      <subfield code="a">em__</subfield>
      <subfield code="b">1701</subfield>
      <subfield code="c">3</subfield>
    </datafield>
    <datafield tag="852" ind1=" " ind2=" ">
      <subfield code="a">DE-185</subfield>
      <subfield code="c">Historische Abteilung</subfield>
      <subfield code="m">HK 0032</subfield>
      <subfield code="t">178977001</subfield>
    </datafield>
    <datafield tag="856" ind1=" " ind2=" ">
      <subfield code="a">https://ifl.wissensbank.com/fastlink.html?search=178977000</subfield>
      <subfield code="3">permalink</subfield>
    </datafield>
    <datafield tag="856" ind1=" " ind2=" ">
      <subfield code="a">https://ifl.wissensbank.com/cgi-bin/starfetch.exe?pYl2J2cdVlxEV3ozQG3tgmwDxnX37DCZ1TsaCPNcKmSnJXmzQLR.7pI6WnpoZDUXp@3C5Ho7HEOT5wyEKpcGMyAP0.eQxbGxWEsMwyDF0pfDO5aDjIvY6qXXduekDzwwbgpOaw75EUqx1EseIcKCPA/HK32.jpg</subfield>
      <subfield code="3">file</subfield>
    </datafield>
  </record>