
  <record>
    <leader>01250nem  22002893  4500</leader>
    <controlfield tag="001">178978000</controlfield>
    <controlfield tag="003">DE-185</controlfield>
    <controlfield tag="007">ta</controlfield>
    <controlfield tag="008">1721                             i|fre</controlfield>
    <datafield tag="041" ind1=" " ind2=" ">
      <subfield code="a">fre</subfield>
    </datafield>
    <datafield tag="084" ind1=" " ind2=" ">
      <subfield code="a">RA06.02 Spanien</subfield>
    </datafield>
    <datafield tag="225" ind1=" " ind2=" ">
      <subfield code="c">W 10°24'00"-E 5°30'00"/N 44°34'00"-N 35°07'00"</subfield>
    </datafield>
    <datafield tag="245" ind1="1" ind2="0">
      <subfield code="a">L'Espagne divisée en tous ses Royaumes et Principautés</subfield>
      <subfield code="b">où sont exactement recueillies et obervées toutes les Routes des Postes d'Espagne, sur les memoires des Courriers Majors de Madrid ; avec Privilege du Roy pour Vingt Ans</subfield>
      <subfield code="c">Par ordre de Son Excellence Monseigneur le Marquis de Grimaldo Ministre et Secretaire d'Etat de sa Majesté Catholique. A Paris Chez H. Iaillot joignant les grands Augustins aux 2 Globus</subfield>
    </datafield>
    <datafield tag="260" ind1=" " ind2=" ">
      <subfield code="a">Paris</subfield>
      <subfield code="b">Alexis Hubert Iaillot</subfield>
      <subfield code="c">1721</subfield>
    </datafield>
    <datafield tag="300" ind1=" " ind2=" ">
      <subfield code="a">1 Kt.</subfield>
      <subfield code="b">unkolor.</subfield>
      <subfield code="c">63 x 44 cm</subfield>
    </datafield>
    <datafield tag="337" ind1=" " ind2=" ">
      <subfield code="a">Karte</subfield>
    </datafield>
    <datafield tag="500" ind1=" " ind2=" ">
      <subfield code="a">Maßstab in graph. Form (Mille Pas Geometriques ou Milles d'Italie, Lieuës Communes de France, Lieuës Communes d'Allemagne). - Titelkartusche unten rechts. - Maßstabskartusche unten links. - Erl. zu Posten oben links und unten Mitte. - Relief: Kette von Einzelbergen</subfield>
    </datafield>
    <datafield tag="520" ind1="3" ind2="#">
      <subfield code="a">Spanien und Portugal mit Wegen und Stationen</subfield>
    </datafield>
    <datafield tag="650" ind1=" " ind2="4">
      <subfield code="a">Altkarte</subfield>
    </datafield>
    <datafield tag="651" ind1=" " ind2="4">
      <subfield code="a">Spanien</subfield>
    </datafield>
    <datafield tag="653" ind1="1" ind2=" ">
      <subfield code="a">Postwesen</subfield>
    </datafield>
    <datafield tag="700" ind1="2" ind2=" ">
      <subfield code="a">Sanson, Guillaume</subfield>
    </datafield>
    <datafield tag="700" ind1="2" ind2=" ">
      <subfield code="a">Jaillot, Alexis-Hubert</subfield>
    </datafield>
    <datafield tag="841" ind1=" " ind2=" ">
      <subfield code="a">em__</subfield>
      <subfield code="b">1721</subfield>
      <subfield code="c">3</subfield>
    </datafield>
    <datafield tag="852" ind1=" " ind2=" ">
      <subfield code="a">DE-185</subfield>
      <subfield code="c">Historische Abteilung</subfield>
      <subfield code="m">HK 0033</subfield>
      <subfield code="t">178978001</subfield>
    </datafield>
    <datafield tag="856" ind1=" " ind2=" ">
      <subfield code="a">https://ifl.wissensbank.com/fastlink.html?search=178978000</subfield>
      <subfield code="3">permalink</subfield>
    </datafield>
    <datafield tag="856" ind1=" " ind2=" ">
      <subfield code="a">https://ifl.wissensbank.com/cgi-bin/starfetch.exe?TM7tH9b22tvmGdyI0e10vNJsRtF@PpidPUMo1RNcdehVY1jmPLzX5EIV7XDKsnKA3umQcmwKTco71ABC3D1n3R36zUtsJqXygNHCQxWDRTDcN8rTfO5tpRYlXxLrA.QdkWpbTCVQ4SwWyXpILMQuHQ/HK33.jpg</subfield>
      <subfield code="3">file</subfield>
    </datafield>
  </record>