
  <record>
    <leader>01250nem  22002893  4500</leader>
    <controlfield tag="001">178979000</controlfield>
    <controlfield tag="003">DE-185</controlfield>
    <controlfield tag="007">ta</controlfield>
    <controlfield tag="008">1704                             i|fre</controlfield>
    <datafield tag="041" ind1=" " ind2=" ">
      <subfield code="a">fre</subfield>
    </datafield>
    <datafield tag="084" ind1=" " ind2=" ">
      <subfield code="a">RA06.02 Spanien</subfield>
    </datafield>
    <datafield tag="225" ind1=" " ind2=" ">
      <subfield code="c">W 9°27'00"-W 4°51'00"/N 44°00'00"-N 41°50'00"</subfield>
    </datafield>
    <datafield tag="245" ind1="1" ind2="0">
      <subfield code="a">Le Royaume de Galice Divisé en plusieurs Territoires et les Asturies Divisees en Asturie Dóviedo et de Santillana</subfield>
      <subfield code="b">dressez sur les Memoires de Rodrigo Mendez Silva et Presenté a sa Majesté Très Chrestienne ; avec Privilege du Roy</subfield>
      <subfield code="c">par son tres humble et tres Obeissant Serviteur et fidel Sujet I. B. Nolin. Chez I. B. Nolin Geographe Ord. du Roy sur le Quay de l'Horloge du Palais a l'Enseigne de la Place des Victoires a la descente du Pont Neuf. T. Rousseau Sculp[sit]</subfield>
    </datafield>
    <datafield tag="260" ind1=" " ind2=" ">
      <subfield code="a">Paris</subfield>
      <subfield code="b">I. B. Nolin</subfield>
      <subfield code="c">1704</subfield>
    </datafield>
    <datafield tag="300" ind1=" " ind2=" ">
      <subfield code="a">1 Kt.</subfield>
      <subfield code="b">Grenzen kolor.</subfield>
      <subfield code="c">71 x 43 cm</subfield>
    </datafield>
    <datafield tag="337" ind1=" " ind2=" ">
      <subfield code="a">Karte</subfield>
    </datafield>
    <datafield tag="500" ind1=" " ind2=" ">
      <subfield code="a">Maßstab in graph. Form (Lieuës Communes d'Espagne, Grandes Lieuës d'Espagne). - Titelkartusche oben rechts. - Erl. oben links. - Relief: Einzelberge, z.T. in Ketten</subfield>
    </datafield>
    <datafield tag="520" ind1="3" ind2="#">
      <subfield code="a">Galizien und Asturien mit Wäldern, Einrichtungen etc.</subfield>
    </datafield>
    <datafield tag="650" ind1=" " ind2="4">
      <subfield code="a">Altkarte</subfield>
    </datafield>
    <datafield tag="651" ind1=" " ind2="4">
      <subfield code="a">Spanien</subfield>
    </datafield>
    <datafield tag="651" ind1=" " ind2="4">
      <subfield code="a">Asturia</subfield>
    </datafield>
    <datafield tag="651" ind1=" " ind2="4">
      <subfield code="a">Galicia (Espana)</subfield>
    </datafield>
    <datafield tag="700" ind1="2" ind2=" ">
      <subfield code="a">Silva, Rodrigo Mendes da</subfield>
    </datafield>
    <datafield tag="700" ind1="2" ind2=" ">
      <subfield code="a">Rousseau, T.</subfield>
    </datafield>
    <datafield tag="700" ind1="2" ind2=" ">
      <subfield code="a">Nolin, Jean Baptiste</subfield>
    </datafield>
    <datafield tag="841" ind1=" " ind2=" ">
      <subfield code="a">em__</subfield>
      <subfield code="b">1704</subfield>
      <subfield code="c">3</subfield>
    </datafield>
    <datafield tag="852" ind1=" " ind2=" ">
      <subfield code="a">DE-185</subfield>
      <subfield code="c">Historische Abteilung</subfield>
      <subfield code="m">HK 0034</subfield>
      <subfield code="t">178979001</subfield>
    </datafield>
    <datafield tag="856" ind1=" " ind2=" ">
      <subfield code="a">https://ifl.wissensbank.com/fastlink.html?search=178979000</subfield>
      <subfield code="3">permalink</subfield>
    </datafield>
    <datafield tag="856" ind1=" " ind2=" ">
      <subfield code="a">https://ifl.wissensbank.com/cgi-bin/starfetch.exe?CkBY9.J5ZrC80G2SQ0Xw0yHiu7CLCPHtdDTJcSnLPK6n0bJx3@ty9zr1Hp09J7bTEtOhG8Dh4gDFYyadk1oNPGFMswAplw5FFgZNRI.Er3VdCF2EV2quPlpuibugfucaTiHnu0BV0fRJ2d10X9I0Kg/HK34.jpg</subfield>
      <subfield code="3">file</subfield>
    </datafield>
  </record>