
  <record>
    <leader>01250nem  22002893  4500</leader>
    <controlfield tag="001">178983000</controlfield>
    <controlfield tag="003">DE-185</controlfield>
    <controlfield tag="007">ta</controlfield>
    <controlfield tag="008">1630                             i|</controlfield>
    <datafield tag="084" ind1=" " ind2=" ">
      <subfield code="a">RA04.04 Belgien</subfield>
    </datafield>
    <datafield tag="225" ind1=" " ind2=" ">
      <subfield code="c">E 3°06'00"-E 5°15'00"/N 50°56'00"-N 49°52'00"</subfield>
    </datafield>
    <datafield tag="245" ind1="1" ind2="0">
      <subfield code="a">Hannonia</subfield>
      <subfield code="b">Namurcum Comitatus ; Cum Privilegio</subfield>
      <subfield code="c">per Gerardum Mercatorem</subfield>
    </datafield>
    <datafield tag="260" ind1=" " ind2=" ">
      <subfield code="a">[Amsterdam]</subfield>
      <subfield code="b">[Henricus Hondius]</subfield>
      <subfield code="c">[1630]</subfield>
    </datafield>
    <datafield tag="300" ind1=" " ind2=" ">
      <subfield code="a">1 Kt.</subfield>
      <subfield code="b">unkolor.</subfield>
      <subfield code="c">45 x 33 cm</subfield>
    </datafield>
    <datafield tag="337" ind1=" " ind2=" ">
      <subfield code="a">Karte</subfield>
    </datafield>
    <datafield tag="500" ind1=" " ind2=" ">
      <subfield code="a">Maßstab in graph. Form (Hannonica miliaria duo). - Titelkartusche oben rechts. - Maßstabskartusche unten links. - Weiterer Sachtitel und Erl. auf d. Rückseite d. Kt.: Hannonia Commitatus. Cum adjungitur Namurcensis Comitatus. - Aus Mercators "Atlas Sive Cosmographicae Meditationes De Fabrica Mundi Et Fabricati Figura" ausgelöste Karte, S. 226 - 227. - Ohne Relief</subfield>
    </datafield>
    <datafield tag="520" ind1="3" ind2="#">
      <subfield code="a">Hennegau und Namur mit Wäldern etc.</subfield>
    </datafield>
    <datafield tag="650" ind1=" " ind2="4">
      <subfield code="a">Altkarte</subfield>
    </datafield>
    <datafield tag="651" ind1=" " ind2="4">
      <subfield code="a">Belgien</subfield>
    </datafield>
    <datafield tag="651" ind1=" " ind2="4">
      <subfield code="a">Namur (Province)</subfield>
    </datafield>
    <datafield tag="651" ind1=" " ind2="4">
      <subfield code="a">Hainaut</subfield>
    </datafield>
    <datafield tag="700" ind1="2" ind2=" ">
      <subfield code="a">Mercator, Gerhard</subfield>
    </datafield>
    <datafield tag="700" ind1="2" ind2=" ">
      <subfield code="a">Hondius, Jodocus</subfield>
    </datafield>
    <datafield tag="700" ind1="2" ind2=" ">
      <subfield code="a">Hondius, Hendrik</subfield>
    </datafield>
    <datafield tag="841" ind1=" " ind2=" ">
      <subfield code="a">em__</subfield>
      <subfield code="b">1630</subfield>
      <subfield code="c">3</subfield>
    </datafield>
    <datafield tag="852" ind1=" " ind2=" ">
      <subfield code="a">DE-185</subfield>
      <subfield code="c">Historische Abteilung</subfield>
      <subfield code="m">HK 0038</subfield>
      <subfield code="t">178983001</subfield>
    </datafield>
    <datafield tag="856" ind1=" " ind2=" ">
      <subfield code="a">https://ifl.wissensbank.com/fastlink.html?search=178983000</subfield>
      <subfield code="3">permalink</subfield>
    </datafield>
    <datafield tag="856" ind1=" " ind2=" ">
      <subfield code="a">https://ifl.wissensbank.com/cgi-bin/starfetch.exe?S6OQkgEN6YypTxKbI@lIBYdMIx@1X7JRCBOyTaeV5s34HgTl6HSCQ4q.g5DVaLg2QQckXqWirNAnNR254eMdqUnxrnPtFSn33Yj4Lx51PvgeO2zESIQw1AYuKJQkKM5EFAhZg71GNWQIkSQIR.ARdw/HK38V.jpg</subfield>
      <subfield code="3">file</subfield>
    </datafield>
  </record>