
  <record>
    <leader>01250nem  22002893  4500</leader>
    <controlfield tag="001">178985000</controlfield>
    <controlfield tag="003">DE-185</controlfield>
    <controlfield tag="007">ta</controlfield>
    <controlfield tag="008">1630                             i|</controlfield>
    <datafield tag="084" ind1=" " ind2=" ">
      <subfield code="a">RA04.04 Belgien</subfield>
    </datafield>
    <datafield tag="225" ind1=" " ind2=" ">
      <subfield code="c">E 4°31'00"-E 6°13'00"/N 51°18'00"-N 49°41'00"</subfield>
    </datafield>
    <datafield tag="245" ind1="1" ind2="0">
      <subfield code="a">Leodiensis Diocesis Typus</subfield>
      <subfield code="c">Baptista Doetecomius sculp.</subfield>
    </datafield>
    <datafield tag="260" ind1=" " ind2=" ">
      <subfield code="a">[Amsterdam]</subfield>
      <subfield code="b">[Henricus Hondius]</subfield>
      <subfield code="c">[um 1630]</subfield>
    </datafield>
    <datafield tag="300" ind1=" " ind2=" ">
      <subfield code="a">1 Kt.</subfield>
      <subfield code="b">unkolor.</subfield>
      <subfield code="c">46 x 31 cm</subfield>
    </datafield>
    <datafield tag="337" ind1=" " ind2=" ">
      <subfield code="a">Karte</subfield>
    </datafield>
    <datafield tag="500" ind1=" " ind2=" ">
      <subfield code="a">Aus Mercators "Atlas Sive Cosmographicae Meditationes De Fabrica Mundi Et Fabricati Figura" ausgelöste Karte, S. 251 - 252. - Maßstab in graph. Form (Miliaria Leodiens., Miliaria Germanica Communia). - O oben. - Titelkartusche oben Mitte. - Maßstabskartusche rechts darunte. - Ohne Relief. - Erl. auf d. Rückseite d. Kt.</subfield>
    </datafield>
    <datafield tag="520" ind1="3" ind2="#">
      <subfield code="a">Lüttich mit Wäldern etc.</subfield>
    </datafield>
    <datafield tag="650" ind1=" " ind2="4">
      <subfield code="a">Altkarte</subfield>
    </datafield>
    <datafield tag="651" ind1=" " ind2="4">
      <subfield code="a">Belgien</subfield>
    </datafield>
    <datafield tag="651" ind1=" " ind2="4">
      <subfield code="a">Liège (Diözese)</subfield>
    </datafield>
    <datafield tag="700" ind1="2" ind2=" ">
      <subfield code="a">Mercator, Gerhard</subfield>
    </datafield>
    <datafield tag="700" ind1="2" ind2=" ">
      <subfield code="a">Doetechum, Baptista van</subfield>
    </datafield>
    <datafield tag="700" ind1="2" ind2=" ">
      <subfield code="a">Hondius, Hendrik</subfield>
    </datafield>
    <datafield tag="841" ind1=" " ind2=" ">
      <subfield code="a">em__</subfield>
      <subfield code="b">1630</subfield>
      <subfield code="c">3</subfield>
    </datafield>
    <datafield tag="852" ind1=" " ind2=" ">
      <subfield code="a">DE-185</subfield>
      <subfield code="c">Historische Abteilung</subfield>
      <subfield code="m">HK 0041</subfield>
      <subfield code="t">178985001</subfield>
    </datafield>
    <datafield tag="856" ind1=" " ind2=" ">
      <subfield code="a">https://ifl.wissensbank.com/fastlink.html?search=178985000</subfield>
      <subfield code="3">permalink</subfield>
    </datafield>
    <datafield tag="856" ind1=" " ind2=" ">
      <subfield code="a">https://ifl.wissensbank.com/cgi-bin/starfetch.exe?S5GRBHIO3sHd53.wnG2PWdxkv76OzNhWps2l9E1p17zHdM5UwdVaUCbH7d9ZbSQQkYMcVjdt5nFYjahpKEZN4tEyTdQEZMxq1ZVJPrlZ51wkn0IyimkhjVg62CQkihXzntj7j6lNc53.qOCLUAbxvg/HK41.jpg</subfield>
      <subfield code="3">file</subfield>
    </datafield>
  </record>