
  <record>
    <leader>01250nem  22002893  4500</leader>
    <controlfield tag="001">178991000</controlfield>
    <controlfield tag="003">DE-185</controlfield>
    <controlfield tag="007">ta</controlfield>
    <controlfield tag="008">1736                             i|</controlfield>
    <datafield tag="084" ind1=" " ind2=" ">
      <subfield code="a">RA05.05 Historische deutsche Gebiete</subfield>
    </datafield>
    <datafield tag="225" ind1=" " ind2=" ">
      <subfield code="c">E 15°36'00"-E 16°43'00"/N 51°33'00"-N 51°01'00"</subfield>
    </datafield>
    <datafield tag="245" ind1="1" ind2="0">
      <subfield code="a">Principatus Silesiae Lignicensis</subfield>
      <subfield code="b">in suos circulos, tres nempe Lignicenses Goldbergensem, Haynauviensem et Lubenensem divisi ; Cum speciali Sac. Caes. Mai. Privil.</subfield>
      <subfield code="c">ac a I. W. Wieland, Geometra et Locumtenente geometrice ememsi exactissima Tabula geographicafer. Ob praematuram mortem Authoris denuo rectificata per Caesareum Locumt. et Archit. Milit. Matthaeum a Schubarth</subfield>
    </datafield>
    <datafield tag="260" ind1=" " ind2=" ">
      <subfield code="a">Norimbergae</subfield>
      <subfield code="b">Hered[es] Homanianis</subfield>
      <subfield code="c">1736</subfield>
    </datafield>
    <datafield tag="300" ind1=" " ind2=" ">
      <subfield code="a">1 Kt.</subfield>
      <subfield code="b">flächenkolor.</subfield>
      <subfield code="c">81 x 53 cm</subfield>
    </datafield>
    <datafield tag="337" ind1=" " ind2=" ">
      <subfield code="a">Karte</subfield>
    </datafield>
    <datafield tag="500" ind1=" " ind2=" ">
      <subfield code="a">Maßstab in graph. Form (Milliaria Germanica, Milliaria Silesiaca). - Titelkartusche oben rechts. - Maßstabs- und Erl.-Kartusche unten rechts. - Relief: Schraffen angedeutet</subfield>
    </datafield>
    <datafield tag="520" ind1="3" ind2="#">
      <subfield code="a">Verwaltungskarte von Liegnitz</subfield>
    </datafield>
    <datafield tag="650" ind1=" " ind2="4">
      <subfield code="a">Altkarte</subfield>
    </datafield>
    <datafield tag="650" ind1=" " ind2="4">
      <subfield code="a">Verwaltungskarte</subfield>
    </datafield>
    <datafield tag="651" ind1=" " ind2="4">
      <subfield code="a">Dolny Śląsk (Niederschlesien)</subfield>
    </datafield>
    <datafield tag="651" ind1=" " ind2="4">
      <subfield code="a">Legnica (Liegnitz)</subfield>
    </datafield>
    <datafield tag="651" ind1=" " ind2="4">
      <subfield code="a">Złotoryja (Goldberg) (reg.)</subfield>
    </datafield>
    <datafield tag="651" ind1=" " ind2="4">
      <subfield code="a">Chojnów (Haynau) (reg.)</subfield>
    </datafield>
    <datafield tag="651" ind1=" " ind2="4">
      <subfield code="a">Lubin (Lüben) (reg.)</subfield>
    </datafield>
    <datafield tag="651" ind1=" " ind2="4">
      <subfield code="a">Ehemals deutsche Gebiete</subfield>
    </datafield>
    <datafield tag="651" ind1=" " ind2="4">
      <subfield code="a">Dolny Śląsk (Niederschlesien)</subfield>
    </datafield>
    <datafield tag="651" ind1=" " ind2="4">
      <subfield code="a">Złotoryja (Goldberg) (reg.)</subfield>
    </datafield>
    <datafield tag="653" ind1="1" ind2=" ">
      <subfield code="a">Deutsche</subfield>
    </datafield>
    <datafield tag="700" ind1="2" ind2=" ">
      <subfield code="a">Wieland, Johann Wolfgang</subfield>
    </datafield>
    <datafield tag="700" ind1="2" ind2=" ">
      <subfield code="a">Schubarth, Matthäus von</subfield>
    </datafield>
    <datafield tag="841" ind1=" " ind2=" ">
      <subfield code="a">em__</subfield>
      <subfield code="b">1736</subfield>
      <subfield code="c">3</subfield>
    </datafield>
    <datafield tag="852" ind1=" " ind2=" ">
      <subfield code="a">DE-185</subfield>
      <subfield code="c">Historische Abteilung</subfield>
      <subfield code="m">HK 0049</subfield>
      <subfield code="t">178991001</subfield>
    </datafield>
    <datafield tag="856" ind1=" " ind2=" ">
      <subfield code="a">https://ifl.wissensbank.com/fastlink.html?search=178991000</subfield>
      <subfield code="3">permalink</subfield>
    </datafield>
    <datafield tag="856" ind1=" " ind2=" ">
      <subfield code="a">https://ifl.wissensbank.com/cgi-bin/starfetch.exe?cZz3n@1LtII1DpUV9vPDjsQgdI.17QsVtetRveetqAigECh4CkpNbTWAKvw4MYOpycmSMx28q4CfOEIhOHJxfEIleF3nwCwdNzyNc.tqDhaA52TpvGFXD4iV.Ng9TDRc@C@joAFcQiUD6Flyoeqgjw/HK49.jpg</subfield>
      <subfield code="3">file</subfield>
    </datafield>
  </record>