
  <record>
    <leader>01250nem  22002893  4500</leader>
    <controlfield tag="001">178992000</controlfield>
    <controlfield tag="003">DE-185</controlfield>
    <controlfield tag="007">ta</controlfield>
    <controlfield tag="008">1693                             i|fre</controlfield>
    <datafield tag="041" ind1=" " ind2=" ">
      <subfield code="a">fre</subfield>
    </datafield>
    <datafield tag="084" ind1=" " ind2=" ">
      <subfield code="a">RA04.04 Belgien</subfield>
    </datafield>
    <datafield tag="225" ind1=" " ind2=" ">
      <subfield code="c">E 4°17'00"-E 7°06'00"/N 51°20'00"-N 49°44'00"</subfield>
    </datafield>
    <datafield tag="245" ind1="1" ind2="0">
      <subfield code="a">Evêché et Seg[neu]rie de Liege a Son Evêque, Duché de Brabant au Roy d'Espagne, Comté de Limbourg au Roy d'Espagne et aux Hollandois, Comté de Namur au Roy, Duché de Iulierts au Palatin du Rhein</subfield>
      <subfield code="b">dressée sur les Memoires de Wischer ; avec Privilege du Roy</subfield>
      <subfield code="c">Par N. de Fer Geographe de Monsieur le Dauphin. A Paris Chez l'Auteur dans l'Isle du Palais a la Sphere Royalle</subfield>
    </datafield>
    <datafield tag="260" ind1=" " ind2=" ">
      <subfield code="a">Paris</subfield>
      <subfield code="b">Chez l'Auteur</subfield>
      <subfield code="c">1693</subfield>
    </datafield>
    <datafield tag="300" ind1=" " ind2=" ">
      <subfield code="a">1 Kt.</subfield>
      <subfield code="b">Grenzen kolor.</subfield>
      <subfield code="c">50 x 40 cm</subfield>
    </datafield>
    <datafield tag="337" ind1=" " ind2=" ">
      <subfield code="a">Karte</subfield>
    </datafield>
    <datafield tag="500" ind1=" " ind2=" ">
      <subfield code="a">Maßstab in graph. Form (Heures de Chemin). - Titel- und Maßstabskartusche unten Mitte. - Ohne Relief</subfield>
    </datafield>
    <datafield tag="520" ind1="3" ind2="#">
      <subfield code="a">Provinzen auf dem Gebiet des heutigen Belgien mit Wäldern etc.</subfield>
    </datafield>
    <datafield tag="650" ind1=" " ind2="4">
      <subfield code="a">Altkarte</subfield>
    </datafield>
    <datafield tag="651" ind1=" " ind2="4">
      <subfield code="a">Belgien</subfield>
    </datafield>
    <datafield tag="651" ind1=" " ind2="4">
      <subfield code="a">Liège (Diözese)</subfield>
    </datafield>
    <datafield tag="651" ind1=" " ind2="4">
      <subfield code="a">Liege (Province)</subfield>
    </datafield>
    <datafield tag="700" ind1="2" ind2=" ">
      <subfield code="a">Visscher, ...</subfield>
    </datafield>
    <datafield tag="700" ind1="2" ind2=" ">
      <subfield code="a">Fer, Nicolas de</subfield>
    </datafield>
    <datafield tag="841" ind1=" " ind2=" ">
      <subfield code="a">em__</subfield>
      <subfield code="b">1693</subfield>
      <subfield code="c">3</subfield>
    </datafield>
    <datafield tag="852" ind1=" " ind2=" ">
      <subfield code="a">DE-185</subfield>
      <subfield code="c">Historische Abteilung</subfield>
      <subfield code="m">HK 0050</subfield>
      <subfield code="t">178992001</subfield>
    </datafield>
    <datafield tag="856" ind1=" " ind2=" ">
      <subfield code="a">https://ifl.wissensbank.com/fastlink.html?search=178992000</subfield>
      <subfield code="3">permalink</subfield>
    </datafield>
    <datafield tag="856" ind1=" " ind2=" ">
      <subfield code="a">https://ifl.wissensbank.com/cgi-bin/starfetch.exe?UtrWDXufvPr0en1wF2TSC.2R.xtAaVpWkC1qGepNAyCT1N2ukAZo1V.NCYXWzckiAuSutLWpXiwfmHks3FA.L.68HHiOW8g@EIRCm@yuKQS8dE8kUT86WNRkAYCQmD6EnzdNQlFJ6Nj@sl3k10T63Q/HK50.jpg</subfield>
      <subfield code="3">file</subfield>
    </datafield>
  </record>