
  <record>
    <leader>01250nem  22002893  4500</leader>
    <controlfield tag="001">178994000</controlfield>
    <controlfield tag="003">DE-185</controlfield>
    <controlfield tag="007">ta</controlfield>
    <controlfield tag="008">1706                             i|fre</controlfield>
    <datafield tag="041" ind1=" " ind2=" ">
      <subfield code="a">fre</subfield>
    </datafield>
    <datafield tag="084" ind1=" " ind2=" ">
      <subfield code="a">RA06.03 Italien</subfield>
    </datafield>
    <datafield tag="225" ind1=" " ind2=" ">
      <subfield code="c">E 10°08'00"-E 11°25'00"/N 44°56'00"-N 44°02'00"</subfield>
    </datafield>
    <datafield tag="245" ind1="1" ind2="0">
      <subfield code="a">Carte Nouvelle du Duché de Modene, de Regio et de Capri avec la Seigneurie de la Cafargnana etc.</subfield>
      <subfield code="b">levée par Ordre Exprès à L'Usage des Armées en Italie, ou sont Exactement Marques les Grands Chemins, les Routes des Imperiaux etc. ; avec Privilege</subfield>
      <subfield code="c">Par le S[ieu]r Sanson Geograp[he] du Roy. Chez Pierre Mortier</subfield>
    </datafield>
    <datafield tag="260" ind1=" " ind2=" ">
      <subfield code="a">Amsterdam</subfield>
      <subfield code="b">Mortier</subfield>
      <subfield code="c">[ca. 1706]</subfield>
    </datafield>
    <datafield tag="300" ind1=" " ind2=" ">
      <subfield code="a">1 Kt.</subfield>
      <subfield code="b">teilweise kolor.</subfield>
      <subfield code="c">53 x 42 cm</subfield>
    </datafield>
    <datafield tag="337" ind1=" " ind2=" ">
      <subfield code="a">Karte</subfield>
    </datafield>
    <datafield tag="500" ind1=" " ind2=" ">
      <subfield code="a">Maßstab in graph. Form (Grandes Lieües de France, Lieües communes de France, Milles d'Italie). - NO oben. - Titel oben. - Maßstabskartusche unten rechts. - Relief: Kette von Einzelbergen</subfield>
    </datafield>
    <datafield tag="520" ind1="3" ind2="#">
      <subfield code="a">Militärkarte von Oberitalien mit Festungen, Lagern, Straßen etc.</subfield>
    </datafield>
    <datafield tag="650" ind1=" " ind2="4">
      <subfield code="a">Altkarte</subfield>
    </datafield>
    <datafield tag="650" ind1=" " ind2="4">
      <subfield code="a">Militärkartographie</subfield>
    </datafield>
    <datafield tag="651" ind1=" " ind2="4">
      <subfield code="a">Italien</subfield>
    </datafield>
    <datafield tag="651" ind1=" " ind2="4">
      <subfield code="a">Capri</subfield>
    </datafield>
    <datafield tag="651" ind1=" " ind2="4">
      <subfield code="a">Modena (Provincia)</subfield>
    </datafield>
    <datafield tag="700" ind1="2" ind2=" ">
      <subfield code="a">Sanson, Nicolas (der Ältere)</subfield>
    </datafield>
    <datafield tag="700" ind1="2" ind2=" ">
      <subfield code="a">Mortier, Pierre</subfield>
    </datafield>
    <datafield tag="841" ind1=" " ind2=" ">
      <subfield code="a">em__</subfield>
      <subfield code="b">1706</subfield>
      <subfield code="c">3</subfield>
    </datafield>
    <datafield tag="852" ind1=" " ind2=" ">
      <subfield code="a">DE-185</subfield>
      <subfield code="c">Historische Abteilung</subfield>
      <subfield code="m">HK 0051</subfield>
      <subfield code="t">178994001</subfield>
    </datafield>
    <datafield tag="856" ind1=" " ind2=" ">
      <subfield code="a">https://ifl.wissensbank.com/fastlink.html?search=178994000</subfield>
      <subfield code="3">permalink</subfield>
    </datafield>
    <datafield tag="856" ind1=" " ind2=" ">
      <subfield code="a">https://ifl.wissensbank.com/cgi-bin/starfetch.exe?fxp6V5Cq7OVfwS92NECv1u0y.Up4K24elVvIwyynE9dkmKUJSP7B4sIeM4C8@EVg7kYVp4jcgI0vrgLeR.qiU8tv5zzquvjsqy@VtmrPVipmpvFypmde9UpRTYiCRQU3PimZ2B52declStSUOSyMsQ/HK51.jpg</subfield>
      <subfield code="3">file</subfield>
    </datafield>
  </record>