
  <record>
    <leader>01250nem  22002893  4500</leader>
    <controlfield tag="001">178996000</controlfield>
    <controlfield tag="003">DE-185</controlfield>
    <controlfield tag="007">ta</controlfield>
    <controlfield tag="008">1746                             i|ita</controlfield>
    <datafield tag="041" ind1=" " ind2=" ">
      <subfield code="a">ita</subfield>
    </datafield>
    <datafield tag="084" ind1=" " ind2=" ">
      <subfield code="a">RA06.03 Italien</subfield>
    </datafield>
    <datafield tag="225" ind1=" " ind2=" ">
      <subfield code="c">E 10°04'00"-E 11°38'00"/N 45°01'00"-N 43°59'00"</subfield>
    </datafield>
    <datafield tag="245" ind1="1" ind2="0">
      <subfield code="a">Status Mutinensis in Suas Ditiones utpote Ducatum Mutinensem, Reginensem, Mirandulanum, Princiratum Carpiensem et Corregiensem exacte divisi, nec non finitimarum Regionum novissima Tabula</subfield>
      <subfield code="c">studio et sumptibus Homannianorum Heredum</subfield>
    </datafield>
    <datafield tag="260" ind1=" " ind2=" ">
      <subfield code="a">Noribergae</subfield>
      <subfield code="b">Homannianos Heredes [Homannsche Erben]</subfield>
      <subfield code="c">[ca. 1746]</subfield>
    </datafield>
    <datafield tag="300" ind1=" " ind2=" ">
      <subfield code="a">1 Kt.</subfield>
      <subfield code="b">flächenkolor.</subfield>
      <subfield code="c">48 x 44 cm</subfield>
    </datafield>
    <datafield tag="337" ind1=" " ind2=" ">
      <subfield code="a">Karte</subfield>
    </datafield>
    <datafield tag="500" ind1=" " ind2=" ">
      <subfield code="a">Maßstab in graph. Form (Milliaria Germanica communia, Milliaria Gallica, Milliaria Italica). - Titelkartusche oben links. - Relief: Berge plastisch</subfield>
    </datafield>
    <datafield tag="520" ind1="3" ind2="#">
      <subfield code="a">Verwaltungskarte des Herzogtums Modena</subfield>
    </datafield>
    <datafield tag="650" ind1=" " ind2="4">
      <subfield code="a">Altkarte</subfield>
    </datafield>
    <datafield tag="650" ind1=" " ind2="4">
      <subfield code="a">Verwaltungskarte</subfield>
    </datafield>
    <datafield tag="651" ind1=" " ind2="4">
      <subfield code="a">Italien</subfield>
    </datafield>
    <datafield tag="651" ind1=" " ind2="4">
      <subfield code="a">Italien (Nord)</subfield>
    </datafield>
    <datafield tag="651" ind1=" " ind2="4">
      <subfield code="a">Emilia-Romagna</subfield>
    </datafield>
    <datafield tag="651" ind1=" " ind2="4">
      <subfield code="a">Modena (reg.)</subfield>
    </datafield>
    <datafield tag="841" ind1=" " ind2=" ">
      <subfield code="a">em__</subfield>
      <subfield code="b">1746</subfield>
      <subfield code="c">3</subfield>
    </datafield>
    <datafield tag="852" ind1=" " ind2=" ">
      <subfield code="a">DE-185</subfield>
      <subfield code="c">Historische Abteilung</subfield>
      <subfield code="m">HK 0054</subfield>
      <subfield code="t">178996001</subfield>
    </datafield>
    <datafield tag="856" ind1=" " ind2=" ">
      <subfield code="a">https://ifl.wissensbank.com/fastlink.html?search=178996000</subfield>
      <subfield code="3">permalink</subfield>
    </datafield>
    <datafield tag="856" ind1=" " ind2=" ">
      <subfield code="a">https://ifl.wissensbank.com/cgi-bin/starfetch.exe?L5RFCixyQKsL79WDfLRUAfHalYTqmRdsovIPR7mLU8EU2DDAEE@ZSasrz1rODhq0MsDpHgyUaIGFcNw4pcjdUvaHPcmLZ3ZmsqdW2C53S.oveqIkibd@2VbGIDQcKPrMWq9EE54xhlnLprg.rXOEjg/HK54.jpg</subfield>
      <subfield code="3">file</subfield>
    </datafield>
  </record>