
  <record>
    <leader>01250nem  22002893  4500</leader>
    <controlfield tag="001">178999000</controlfield>
    <controlfield tag="003">DE-185</controlfield>
    <controlfield tag="007">ta</controlfield>
    <controlfield tag="008">1700                             i|fre</controlfield>
    <datafield tag="041" ind1=" " ind2=" ">
      <subfield code="a">fre</subfield>
    </datafield>
    <datafield tag="084" ind1=" " ind2=" ">
      <subfield code="a">RA06.03 Italien</subfield>
    </datafield>
    <datafield tag="225" ind1=" " ind2=" ">
      <subfield code="c">E 10°07'00"-E 11°28'00"/N 45°25'00"-N 44°44'00"</subfield>
    </datafield>
    <datafield tag="245" ind1="1" ind2="0">
      <subfield code="a">Carte Nouvelle du Duché de Mantoue</subfield>
      <subfield code="b">levée par Ordre Exprès. à L'Usage des Armées en Italie, où sont Exactement Marques les Grands Chemins, les Routes des Imperiaux etc ; on Vend chez le mesme trois diferente Plans de Mantoue tres belle et toutte les autres Villes d'Italie ; Avec Privil.</subfield>
      <subfield code="c">Par le S[ieu]r Sanson Geographe du Roy. Chez P. Mortier</subfield>
    </datafield>
    <datafield tag="260" ind1=" " ind2=" ">
      <subfield code="a">Amsterdam</subfield>
      <subfield code="b">P. Mortier</subfield>
      <subfield code="c">[um 1700]</subfield>
    </datafield>
    <datafield tag="300" ind1=" " ind2=" ">
      <subfield code="a">1 Kt.</subfield>
      <subfield code="b">Grenzen kolor.</subfield>
      <subfield code="c">57 x 48 cm</subfield>
    </datafield>
    <datafield tag="337" ind1=" " ind2=" ">
      <subfield code="a">Karte</subfield>
    </datafield>
    <datafield tag="500" ind1=" " ind2=" ">
      <subfield code="a">Maßstab in graph. Form (Milles d'Italie, Lieües d'une heure de Chemin). - Titel oben. - Maßstabskartusche unten rechts. - Relief: Einzelberge plastisch</subfield>
    </datafield>
    <datafield tag="520" ind1="3" ind2="#">
      <subfield code="a">Militärkarte von Mantua mit Festungen, Lagern, Straßen etc. und Aufmarschkarte der Truppenteile</subfield>
    </datafield>
    <datafield tag="650" ind1=" " ind2="4">
      <subfield code="a">Altkarte</subfield>
    </datafield>
    <datafield tag="650" ind1=" " ind2="4">
      <subfield code="a">Militärkartographie</subfield>
    </datafield>
    <datafield tag="650" ind1=" " ind2="4">
      <subfield code="a">Straße</subfield>
    </datafield>
    <datafield tag="651" ind1=" " ind2="4">
      <subfield code="a">Italien</subfield>
    </datafield>
    <datafield tag="651" ind1=" " ind2="4">
      <subfield code="a">Mantova (reg.)</subfield>
    </datafield>
    <datafield tag="700" ind1="2" ind2=" ">
      <subfield code="a">Sanson, Nicolas (der Ältere)</subfield>
    </datafield>
    <datafield tag="700" ind1="2" ind2=" ">
      <subfield code="a">Mortier, Pierre</subfield>
    </datafield>
    <datafield tag="841" ind1=" " ind2=" ">
      <subfield code="a">em__</subfield>
      <subfield code="b">1700</subfield>
      <subfield code="c">3</subfield>
    </datafield>
    <datafield tag="852" ind1=" " ind2=" ">
      <subfield code="a">DE-185</subfield>
      <subfield code="c">Historische Abteilung</subfield>
      <subfield code="m">HK 0056b</subfield>
      <subfield code="t">178999001</subfield>
    </datafield>
    <datafield tag="856" ind1=" " ind2=" ">
      <subfield code="a">https://ifl.wissensbank.com/fastlink.html?search=178999000</subfield>
      <subfield code="3">permalink</subfield>
    </datafield>
    <datafield tag="856" ind1=" " ind2=" ">
      <subfield code="a">https://ifl.wissensbank.com/cgi-bin/starfetch.exe?J.gO@ZQ5uKysRMA3Z.xGUQK4nPRGwyZd2GtjE8xPTEpCj7w0ajUJQGzMmQdRDaAt05YMeZNoQGdCMzLfceIS8Tktphg943SWcJUBtV7wneyK8JqjV6KJzKVBc2SE8HzjR@VMHDm1TkUP11.jwsLUMA/HK56B.jpg</subfield>
      <subfield code="3">file</subfield>
    </datafield>
  </record>