
  <record>
    <leader>01250nem  22002893  4500</leader>
    <controlfield tag="001">179001000</controlfield>
    <controlfield tag="003">DE-185</controlfield>
    <controlfield tag="007">ta</controlfield>
    <controlfield tag="008">1757                             i|</controlfield>
    <datafield tag="084" ind1=" " ind2=" ">
      <subfield code="a">RA05.01 Deutschland</subfield>
    </datafield>
    <datafield tag="225" ind1=" " ind2=" ">
      <subfield code="a">1:600.000</subfield>
      <subfield code="c">E 9°51'00"-E 14°34'00"/N 52°11'00"-N 50°02'00"</subfield>
    </datafield>
    <datafield tag="245" ind1="1" ind2="0">
      <subfield code="a">Saxoniae Superioris Circulus</subfield>
      <subfield code="b">ob oculos sistens Ducatum et Electoratum Saxoniae, Marchionatum Misniae, Landgraviatum Thuringiae, Principatum Anhaltinum, Schwarzenburg, Hallensem, Comitat. Mansfeld. Voitland. etc. cum aliis insertis et adjacentibus Provinciis ; Cum Gratia et Priv. S. R. I. Vicariatus, in partibus Rheni, Sueviae et iuris Franconici ; [Ca. 1:600 000]</subfield>
      <subfield code="c">accurate delineatus per Matth. Seutter S. C. M. G. Augustanum</subfield>
    </datafield>
    <datafield tag="260" ind1=" " ind2=" ">
      <subfield code="a">[Augsburg]</subfield>
      <subfield code="c">[vor 1757]</subfield>
    </datafield>
    <datafield tag="300" ind1=" " ind2=" ">
      <subfield code="a">1 Kt.</subfield>
      <subfield code="b">flächenkolor.</subfield>
      <subfield code="c">56 x 48 cm</subfield>
    </datafield>
    <datafield tag="337" ind1=" " ind2=" ">
      <subfield code="a">Karte</subfield>
    </datafield>
    <datafield tag="500" ind1=" " ind2=" ">
      <subfield code="a">Maßstab in graph. Form (Milliaria Germanica Communia, Milliaria Gallica Communia sive Horae itineris). - Titelkartuche oben rechts. - Maßstabskartusche unten links. - Relief angedeutet</subfield>
    </datafield>
    <datafield tag="520" ind1="3" ind2="#">
      <subfield code="a">Verwaltungskarte Obersachsens</subfield>
    </datafield>
    <datafield tag="650" ind1=" " ind2="4">
      <subfield code="a">Altkarte</subfield>
    </datafield>
    <datafield tag="650" ind1=" " ind2="4">
      <subfield code="a">Verwaltungskarte</subfield>
    </datafield>
    <datafield tag="651" ind1=" " ind2="4">
      <subfield code="a">Deutschland</subfield>
    </datafield>
    <datafield tag="651" ind1=" " ind2="4">
      <subfield code="a">Mitteldeutschland</subfield>
    </datafield>
    <datafield tag="651" ind1=" " ind2="4">
      <subfield code="a">Sachsen</subfield>
    </datafield>
    <datafield tag="651" ind1=" " ind2="4">
      <subfield code="a">Thüringen</subfield>
    </datafield>
    <datafield tag="651" ind1=" " ind2="4">
      <subfield code="a">Sachsen-Anhalt</subfield>
    </datafield>
    <datafield tag="700" ind1="2" ind2=" ">
      <subfield code="a">Seutter, Matthäus</subfield>
    </datafield>
    <datafield tag="841" ind1=" " ind2=" ">
      <subfield code="a">em__</subfield>
      <subfield code="b">1757</subfield>
      <subfield code="c">3</subfield>
    </datafield>
    <datafield tag="852" ind1=" " ind2=" ">
      <subfield code="a">DE-185</subfield>
      <subfield code="c">Historische Abteilung</subfield>
      <subfield code="m">HK 0058</subfield>
      <subfield code="t">179001001</subfield>
    </datafield>
    <datafield tag="856" ind1=" " ind2=" ">
      <subfield code="a">https://ifl.wissensbank.com/fastlink.html?search=179001000</subfield>
      <subfield code="3">permalink</subfield>
    </datafield>
    <datafield tag="856" ind1=" " ind2=" ">
      <subfield code="a">https://ifl.wissensbank.com/cgi-bin/starfetch.exe?DTmGoleLwvGgcXqjvs4L7GRgzjy7@CtU5lhkmT25HbaGbPKk2RPrQAYl2P1k3YhIazrKB37AisSMZgQkpt85SMYpsIjAgMcrj4.hcPvJmAuxWHS6v0wTaxxqnHzb49BQQS17C64AemBFjM7KTK6g3g/HK58.jpg</subfield>
      <subfield code="3">file</subfield>
    </datafield>
  </record>