
  <record>
    <leader>01250nem  22002893  4500</leader>
    <controlfield tag="001">179002000</controlfield>
    <controlfield tag="003">DE-185</controlfield>
    <controlfield tag="007">ta</controlfield>
    <controlfield tag="008">1743                             i|</controlfield>
    <datafield tag="084" ind1=" " ind2=" ">
      <subfield code="a">RA Europa</subfield>
    </datafield>
    <datafield tag="225" ind1=" " ind2=" ">
      <subfield code="c">W 24°47'00"-E 81°41'00"/N 71°53'00"-N 29°25'00"</subfield>
    </datafield>
    <datafield tag="245" ind1="1" ind2="0">
      <subfield code="a">Europa</subfield>
      <subfield code="b">Secundum legitimas Proiectionis Stereographicae reluas et juxta recentissimas observationes aeque ac relationes ; C[um] P[rivilegio] S[acrae] C[aesarea] M[aiesatis]</subfield>
      <subfield code="c">adhibitis quoque veterum monumentorum subsidiis descripta et in partes suas methodicas X divisa a Ioh. Matth. Hasio. Math. P. P. O. Edita Curis Homannianorum Heredum</subfield>
    </datafield>
    <datafield tag="260" ind1=" " ind2=" ">
      <subfield code="a">[Nürnberg]</subfield>
      <subfield code="b">Heredes Homanniani [Homannsche Erben]</subfield>
      <subfield code="c">1743</subfield>
    </datafield>
    <datafield tag="300" ind1=" " ind2=" ">
      <subfield code="a">1 Kt.</subfield>
      <subfield code="b">flächenkolor.</subfield>
      <subfield code="c">54 x 46 cm</subfield>
    </datafield>
    <datafield tag="337" ind1=" " ind2=" ">
      <subfield code="a">Karte</subfield>
    </datafield>
    <datafield tag="500" ind1=" " ind2=" ">
      <subfield code="a">Maßstab in graph. Form (Milliar. Germanic. commun., Leucae Gallicae maiores). - Nullmeridian: Ferro. - Titelkartusche oben links. - Maßstabskartusche unten rechts. - Relief angedeutet</subfield>
    </datafield>
    <datafield tag="520" ind1="3" ind2="#">
      <subfield code="a">Verwaltungskarte von Europa</subfield>
    </datafield>
    <datafield tag="650" ind1=" " ind2="4">
      <subfield code="a">Altkarte</subfield>
    </datafield>
    <datafield tag="650" ind1=" " ind2="4">
      <subfield code="a">Verwaltungskarte</subfield>
    </datafield>
    <datafield tag="651" ind1=" " ind2="4">
      <subfield code="a">Europa</subfield>
    </datafield>
    <datafield tag="700" ind1="2" ind2=" ">
      <subfield code="a">Haas, Johann Matthias</subfield>
    </datafield>
    <datafield tag="841" ind1=" " ind2=" ">
      <subfield code="a">em__</subfield>
      <subfield code="b">1743</subfield>
      <subfield code="c">3</subfield>
    </datafield>
    <datafield tag="852" ind1=" " ind2=" ">
      <subfield code="a">DE-185</subfield>
      <subfield code="c">Historische Abteilung</subfield>
      <subfield code="m">HK 0059</subfield>
      <subfield code="t">179002001</subfield>
    </datafield>
    <datafield tag="856" ind1=" " ind2=" ">
      <subfield code="a">https://ifl.wissensbank.com/fastlink.html?search=179002000</subfield>
      <subfield code="3">permalink</subfield>
    </datafield>
    <datafield tag="856" ind1=" " ind2=" ">
      <subfield code="a">https://ifl.wissensbank.com/cgi-bin/starfetch.exe?86kGw6EkYnVJS4BhXMZpwaBwQ5gmiM2x59sA878n9oSIK@OvUa.Jfs0h3ilgYiiM4ZJ3hU3wJIEbqPYBMFlXvKTYs.HLlHkIGq2ghusLhE5hPU.yetHZ3nc.0L4@Y2B8FqLQVW.AVwZ0vP5XU9O4FA/HK59.jpg</subfield>
      <subfield code="3">file</subfield>
    </datafield>
  </record>