
  <record>
    <leader>01250nem  22002893  4500</leader>
    <controlfield tag="001">179003000</controlfield>
    <controlfield tag="003">DE-185</controlfield>
    <controlfield tag="007">ta</controlfield>
    <controlfield tag="008">1730                             i|</controlfield>
    <datafield tag="084" ind1=" " ind2=" ">
      <subfield code="a">RA05.01 Deutschland</subfield>
    </datafield>
    <datafield tag="225" ind1=" " ind2=" ">
      <subfield code="c">E 5°38'00"-E 10°36'00"/N 53°54'00"-N 50°42'00"</subfield>
    </datafield>
    <datafield tag="245" ind1="1" ind2="0">
      <subfield code="a">S. R. I. Circulus Westphalicus</subfield>
      <subfield code="b">in quo sunt Episcopatus Monasteriensis, Paderbornensis et Osnabrugensis, Ducatus Iuliacensis, Clivenis, et Montensis, Principatus Mindensis, Ferdensis et Frisiae Orientalis, Comitatus Marchiae Oldenburgi, Ravenspergae, Luppiae, Hoyae, Benthemi, Lingae, Diepholti, Mursae, Tecklenburgi, Schaumburgi etc. et Quaedam Urbes Imperiales et Liberae ; Cum Priv. Potent. D. D. Ordin. Holl. West-frisiaeque</subfield>
      <subfield code="c">Editore et Correctore F. de Witt. Ex Officina I. Cóvens et C. Mortier</subfield>
    </datafield>
    <datafield tag="260" ind1=" " ind2=" ">
      <subfield code="a">Amstelodami</subfield>
      <subfield code="b">Cóvens &amp; Mortier</subfield>
      <subfield code="c">[nach 1730]</subfield>
    </datafield>
    <datafield tag="300" ind1=" " ind2=" ">
      <subfield code="a">1 Kt.</subfield>
      <subfield code="b">Grenzen kolor.</subfield>
      <subfield code="c">52 x 45 cm</subfield>
    </datafield>
    <datafield tag="337" ind1=" " ind2=" ">
      <subfield code="a">Karte</subfield>
    </datafield>
    <datafield tag="500" ind1=" " ind2=" ">
      <subfield code="a">Maßstab in graph. Form (Milliaria Germanica Communia, Milliaria Gallica magna sive horae itineris). - W oben. - Titelkartusche unten rechts. - Maßstab oben links. - Ohne Relief</subfield>
    </datafield>
    <datafield tag="520" ind1="3" ind2="#">
      <subfield code="a">Westfalen mit Wäldern etc.</subfield>
    </datafield>
    <datafield tag="650" ind1=" " ind2="4">
      <subfield code="a">Altkarte</subfield>
    </datafield>
    <datafield tag="650" ind1=" " ind2="4">
      <subfield code="a">Land</subfield>
    </datafield>
    <datafield tag="651" ind1=" " ind2="4">
      <subfield code="a">Deutschland</subfield>
    </datafield>
    <datafield tag="651" ind1=" " ind2="4">
      <subfield code="a">Westfalen</subfield>
    </datafield>
    <datafield tag="651" ind1=" " ind2="4">
      <subfield code="a">Nordrhein-Westfalen</subfield>
    </datafield>
    <datafield tag="651" ind1=" " ind2="4">
      <subfield code="a">Niedersachsen</subfield>
    </datafield>
    <datafield tag="700" ind1="2" ind2=" ">
      <subfield code="a">Wit, Frederick de</subfield>
    </datafield>
    <datafield tag="700" ind1="2" ind2=" ">
      <subfield code="a">Mortier, Corneille</subfield>
    </datafield>
    <datafield tag="700" ind1="2" ind2=" ">
      <subfield code="a">Cóvens, Johannes</subfield>
    </datafield>
    <datafield tag="841" ind1=" " ind2=" ">
      <subfield code="a">em__</subfield>
      <subfield code="b">1730</subfield>
      <subfield code="c">3</subfield>
    </datafield>
    <datafield tag="852" ind1=" " ind2=" ">
      <subfield code="a">DE-185</subfield>
      <subfield code="c">Historische Abteilung</subfield>
      <subfield code="m">HK 0060</subfield>
      <subfield code="t">179003001</subfield>
    </datafield>
    <datafield tag="856" ind1=" " ind2=" ">
      <subfield code="a">https://ifl.wissensbank.com/fastlink.html?search=179003000</subfield>
      <subfield code="3">permalink</subfield>
    </datafield>
    <datafield tag="856" ind1=" " ind2=" ">
      <subfield code="a">https://ifl.wissensbank.com/cgi-bin/starfetch.exe?BkdL8.rBOCSQBez928S1MVWSO5kCeCCqKv6TJGTB6KcLh4Cc9ryXYwvueLkEN6CE5HOtm3fL31.0qyYz@VdlrOAirJHlYXZ4UKj@g0GoSIHPA8f.b7XNRGgEWR92gg6XbaTlj3lsqFqMl.lR06hjQg/HK60.jpg</subfield>
      <subfield code="3">file</subfield>
    </datafield>
  </record>