
  <record>
    <leader>01250nem  22002893  4500</leader>
    <controlfield tag="001">179004000</controlfield>
    <controlfield tag="003">DE-185</controlfield>
    <controlfield tag="007">ta</controlfield>
    <controlfield tag="008">1717                             i|fre</controlfield>
    <datafield tag="041" ind1=" " ind2=" ">
      <subfield code="a">fre</subfield>
    </datafield>
    <datafield tag="084" ind1=" " ind2=" ">
      <subfield code="a">RA08 Südosteuropa</subfield>
    </datafield>
    <datafield tag="225" ind1=" " ind2=" ">
      <subfield code="c">E 14°29'00"-E 26°07'00"/N 49°45'00"-N 43°35'00"</subfield>
    </datafield>
    <datafield tag="245" ind1="1" ind2="0">
      <subfield code="a">Carte Particuliere de la Hongrie de la Transilvanie de la Croatie et de la Scalavonie</subfield>
      <subfield code="b">avec Privil. 20. May 1717</subfield>
      <subfield code="c">dressée sur les Observations de M[onsieu]r le Comte Marsilli et sur plusieurs autres Memoires. Par G. Del'Isle Premier Geographe du Roy de L'Academie R[oya]le des Sciences. A Paris chez l'auteur sur le Quai de L'Horloge</subfield>
    </datafield>
    <datafield tag="260" ind1=" " ind2=" ">
      <subfield code="a">Paris</subfield>
      <subfield code="b">Chez l'auteur</subfield>
      <subfield code="c">1717</subfield>
    </datafield>
    <datafield tag="300" ind1=" " ind2=" ">
      <subfield code="a">1 Kt.</subfield>
      <subfield code="b">unkolor.</subfield>
      <subfield code="c">57 x 46 cm</subfield>
    </datafield>
    <datafield tag="337" ind1=" " ind2=" ">
      <subfield code="a">Karte</subfield>
    </datafield>
    <datafield tag="500" ind1=" " ind2=" ">
      <subfield code="a">Maßstab in graph. Form (Lieües communes d'Allemagne, Grandes Lieües de Hongrie, Lieues communes de France). - Titel oben. - Maßstab oben links. - Relief: Einzelberge angedeutet</subfield>
    </datafield>
    <datafield tag="520" ind1="3" ind2="#">
      <subfield code="a">Ungarn, Kroatien und Siebenbürgen mit Festungen etc.</subfield>
    </datafield>
    <datafield tag="650" ind1=" " ind2="4">
      <subfield code="a">Altkarte</subfield>
    </datafield>
    <datafield tag="651" ind1=" " ind2="4">
      <subfield code="a">Südosteuropa</subfield>
    </datafield>
    <datafield tag="651" ind1=" " ind2="4">
      <subfield code="a">Siebenbürgen</subfield>
    </datafield>
    <datafield tag="651" ind1=" " ind2="4">
      <subfield code="a">Slawonien</subfield>
    </datafield>
    <datafield tag="651" ind1=" " ind2="4">
      <subfield code="a">Ungarn</subfield>
    </datafield>
    <datafield tag="651" ind1=" " ind2="4">
      <subfield code="a">Kroatien</subfield>
    </datafield>
    <datafield tag="700" ind1="2" ind2=" ">
      <subfield code="a">L'Isle, Guillaume de</subfield>
    </datafield>
    <datafield tag="841" ind1=" " ind2=" ">
      <subfield code="a">em__</subfield>
      <subfield code="b">1717</subfield>
      <subfield code="c">3</subfield>
    </datafield>
    <datafield tag="852" ind1=" " ind2=" ">
      <subfield code="a">DE-185</subfield>
      <subfield code="c">Historische Abteilung</subfield>
      <subfield code="m">HK 0061</subfield>
      <subfield code="t">179004001</subfield>
    </datafield>
    <datafield tag="856" ind1=" " ind2=" ">
      <subfield code="a">https://ifl.wissensbank.com/fastlink.html?search=179004000</subfield>
      <subfield code="3">permalink</subfield>
    </datafield>
    <datafield tag="856" ind1=" " ind2=" ">
      <subfield code="a">https://ifl.wissensbank.com/cgi-bin/starfetch.exe?7gz5qcy@rA3YkLd.SA9o@1i3LP67T6BC9jJl3HCMwPlbCbt4eDDFfIOeOyjPj2La2ZUWax4l4k6ZOrw5FzrQ0sTLZ11Kkdf2dlGp.PGzR1y55tOyBr1WWykdElXN0jgZEcWY94m1YZwLK8rnzJk@HA/HK61.jpg</subfield>
      <subfield code="3">file</subfield>
    </datafield>
  </record>