
  <record>
    <leader>01250nem  22002893  4500</leader>
    <controlfield tag="001">179006000</controlfield>
    <controlfield tag="003">DE-185</controlfield>
    <controlfield tag="007">ta</controlfield>
    <controlfield tag="008">1778                             i|fre</controlfield>
    <datafield tag="041" ind1=" " ind2=" ">
      <subfield code="a">fre</subfield>
    </datafield>
    <datafield tag="084" ind1=" " ind2=" ">
      <subfield code="a">RA04.02 Vereinigtes Königreich</subfield>
    </datafield>
    <datafield tag="225" ind1=" " ind2=" ">
      <subfield code="c">W 8°00'00"-E 0°29'00"/N 58°52'00"-N 54°35'00"</subfield>
    </datafield>
    <datafield tag="245" ind1="1" ind2="0">
      <subfield code="a">L'Ecosse divisée en Shires ou Comtés</subfield>
      <subfield code="c">par le S[ieu]r Robert Géographe ordinaire du Roy. A Venise par P. Santini. Chez M[onsieu]r Remondini</subfield>
    </datafield>
    <datafield tag="260" ind1=" " ind2=" ">
      <subfield code="a">Venise</subfield>
      <subfield code="b">P. Santini et G. Remondini</subfield>
      <subfield code="c">1778</subfield>
    </datafield>
    <datafield tag="300" ind1=" " ind2=" ">
      <subfield code="a">1 Kt.</subfield>
      <subfield code="b">Grenzen kolor.</subfield>
      <subfield code="c">55 x 47 cm</subfield>
    </datafield>
    <datafield tag="337" ind1=" " ind2=" ">
      <subfield code="a">Karte</subfield>
    </datafield>
    <datafield tag="500" ind1=" " ind2=" ">
      <subfield code="a">Maßstab in graph. Form (Milles d'Italie, Milles d'Ecosse). - Titelkartusche unten links. - Maßstab oben rechts. - Nullmeridian: Ferro. - Oben rechts: P. I. 42. - Relief angedeutet</subfield>
    </datafield>
    <datafield tag="520" ind1="3" ind2="#">
      <subfield code="a">Verwaltungskarte Schottlands</subfield>
    </datafield>
    <datafield tag="650" ind1=" " ind2="4">
      <subfield code="a">Altkarte</subfield>
    </datafield>
    <datafield tag="650" ind1=" " ind2="4">
      <subfield code="a">Verwaltungskarte</subfield>
    </datafield>
    <datafield tag="651" ind1=" " ind2="4">
      <subfield code="a">Großbritannien</subfield>
    </datafield>
    <datafield tag="651" ind1=" " ind2="4">
      <subfield code="a">Scotland</subfield>
    </datafield>
    <datafield tag="700" ind1="2" ind2=" ">
      <subfield code="a">Robert de Vaugondy, Gilles</subfield>
    </datafield>
    <datafield tag="700" ind1="2" ind2=" ">
      <subfield code="a">Santini, Paolo</subfield>
    </datafield>
    <datafield tag="700" ind1="2" ind2=" ">
      <subfield code="a">Remondini, Giuseppe Antonio</subfield>
    </datafield>
    <datafield tag="841" ind1=" " ind2=" ">
      <subfield code="a">em__</subfield>
      <subfield code="b">1778</subfield>
      <subfield code="c">3</subfield>
    </datafield>
    <datafield tag="852" ind1=" " ind2=" ">
      <subfield code="a">DE-185</subfield>
      <subfield code="c">Historische Abteilung</subfield>
      <subfield code="m">HK 0063</subfield>
      <subfield code="t">179006001</subfield>
    </datafield>
    <datafield tag="856" ind1=" " ind2=" ">
      <subfield code="a">https://ifl.wissensbank.com/fastlink.html?search=179006000</subfield>
      <subfield code="3">permalink</subfield>
    </datafield>
    <datafield tag="856" ind1=" " ind2=" ">
      <subfield code="a">https://ifl.wissensbank.com/cgi-bin/starfetch.exe?eJS8gqX5SQPnB.0MAdzwhYlNA0hgfexCxX86qOx3Q279jF1uyRpejIR.99o71DLg4.PPs0Tw1mOcYwC9yXW08zxdkkUhTtT.ZpaDUk2Lt0NVXeqmMymt7U8cBsVD6TmiRM2wBI620Q1qmXMeBi9.FA/HK63.jpg</subfield>
      <subfield code="3">file</subfield>
    </datafield>
  </record>