
  <record>
    <leader>01250nem  22002893  4500</leader>
    <controlfield tag="001">179009000</controlfield>
    <controlfield tag="003">DE-185</controlfield>
    <controlfield tag="007">ta</controlfield>
    <controlfield tag="008">1780                             i|</controlfield>
    <datafield tag="084" ind1=" " ind2=" ">
      <subfield code="a">RA05.05 Historische deutsche Gebiete</subfield>
    </datafield>
    <datafield tag="225" ind1=" " ind2=" ">
      <subfield code="c">E 15°17'00"-E 19°22'00"/N 55°36'00"-N 52°44'00"</subfield>
    </datafield>
    <datafield tag="245" ind1="1" ind2="0">
      <subfield code="a">Borussiae Occidentalis Tabula</subfield>
      <subfield code="b">C[um] P[rivilegio] S[acrae] C[aesarea] M[aiestatis]</subfield>
      <subfield code="c">a Franc. Ludov. Güssefeld. Editio emendatior Impensis Heredum Homannianorum</subfield>
    </datafield>
    <datafield tag="260" ind1=" " ind2=" ">
      <subfield code="a">[Nürnberg]</subfield>
      <subfield code="b">Heredes Homanniani [Homannsche Erben]</subfield>
      <subfield code="c">1780</subfield>
    </datafield>
    <datafield tag="300" ind1=" " ind2=" ">
      <subfield code="a">1 Kt.</subfield>
      <subfield code="b">teilweise flächenkolor.</subfield>
      <subfield code="c">43 x 56 cm</subfield>
    </datafield>
    <datafield tag="337" ind1=" " ind2=" ">
      <subfield code="a">Karte</subfield>
    </datafield>
    <datafield tag="500" ind1=" " ind2=" ">
      <subfield code="a">Maßstab in graph. Form (Milliaria Geograph.). - Mit Nebenkt.: [Netzedistrikt] u. Anschlusskt.: [Ermland]. - Relief angedeutet</subfield>
    </datafield>
    <datafield tag="520" ind1="3" ind2="#">
      <subfield code="a">Verwaltungskarte von Westpreußen</subfield>
    </datafield>
    <datafield tag="650" ind1=" " ind2="4">
      <subfield code="a">Altkarte</subfield>
    </datafield>
    <datafield tag="650" ind1=" " ind2="4">
      <subfield code="a">Verwaltungskarte</subfield>
    </datafield>
    <datafield tag="651" ind1=" " ind2="4">
      <subfield code="a">Westpreußen</subfield>
    </datafield>
    <datafield tag="651" ind1=" " ind2="4">
      <subfield code="a">Ehemals deutsche Gebiete</subfield>
    </datafield>
    <datafield tag="653" ind1="1" ind2=" ">
      <subfield code="a">Deutsche</subfield>
    </datafield>
    <datafield tag="700" ind1="2" ind2=" ">
      <subfield code="a">Güssefeld, Franz Ludwig</subfield>
    </datafield>
    <datafield tag="841" ind1=" " ind2=" ">
      <subfield code="a">em__</subfield>
      <subfield code="b">1780</subfield>
      <subfield code="c">3</subfield>
    </datafield>
    <datafield tag="852" ind1=" " ind2=" ">
      <subfield code="a">DE-185</subfield>
      <subfield code="c">Historische Abteilung</subfield>
      <subfield code="m">HK 0066</subfield>
      <subfield code="t">179009001</subfield>
    </datafield>
    <datafield tag="856" ind1=" " ind2=" ">
      <subfield code="a">https://ifl.wissensbank.com/fastlink.html?search=179009000</subfield>
      <subfield code="3">permalink</subfield>
    </datafield>
    <datafield tag="856" ind1=" " ind2=" ">
      <subfield code="a">https://ifl.wissensbank.com/cgi-bin/starfetch.exe?1Yqtpcc8LVraxN83Fc2fS.qLkuxQ8CvafEFZvhUaQb5bwooUHPokY2a8osVw7g@syhllM3yXOTaZ2v49Z6S17ScJe.OOzrbagGsF@0vMffF41vB8k.saoQnWUDCiIo30klqfBcLYwquGC.eYSjf7tA/HK66.jpg</subfield>
      <subfield code="3">file</subfield>
    </datafield>
  </record>