
  <record>
    <leader>01250nem  22002893  4500</leader>
    <controlfield tag="001">179011000</controlfield>
    <controlfield tag="003">DE-185</controlfield>
    <controlfield tag="007">ta</controlfield>
    <controlfield tag="008">1709                             i|fre</controlfield>
    <datafield tag="041" ind1=" " ind2=" ">
      <subfield code="a">fre</subfield>
    </datafield>
    <datafield tag="084" ind1=" " ind2=" ">
      <subfield code="a">RA04.02 Vereinigtes Königreich</subfield>
    </datafield>
    <datafield tag="225" ind1=" " ind2=" ">
      <subfield code="c">E 0°45'00"-E 1°41'00"/N 51°27'00"-N 51°01'00"</subfield>
    </datafield>
    <datafield tag="245" ind1="1" ind2="0">
      <subfield code="a">Partie de l'Angleterre</subfield>
      <subfield code="b">avec Privilege du Roy</subfield>
      <subfield code="c">Harrewyn fecit. Chez Eugene Henry Fricx ruë de la Madeleine</subfield>
    </datafield>
    <datafield tag="260" ind1=" " ind2=" ">
      <subfield code="a">Bruxelle</subfield>
      <subfield code="b">Eugène H. Fricx</subfield>
      <subfield code="c">1709</subfield>
    </datafield>
    <datafield tag="300" ind1=" " ind2=" ">
      <subfield code="a">1 Kt.</subfield>
      <subfield code="b">unkolor.</subfield>
      <subfield code="c">54 x 39 cm</subfield>
    </datafield>
    <datafield tag="337" ind1=" " ind2=" ">
      <subfield code="a">Karte</subfield>
    </datafield>
    <datafield tag="500" ind1=" " ind2=" ">
      <subfield code="a">Vermutlich aus: Table des Cartes des Pays Bas et des Frontières de France / Eugene Henri Fricx. - Maßstab in graph. Form (Lieues de Brabant.). - Titel oben. - Mit Schiffsdarst. - Relief: plastische Einzelberge</subfield>
    </datafield>
    <datafield tag="520" ind1="3" ind2="#">
      <subfield code="a">Südostengland mit Wäldern etc.</subfield>
    </datafield>
    <datafield tag="650" ind1=" " ind2="4">
      <subfield code="a">Altkarte</subfield>
    </datafield>
    <datafield tag="651" ind1=" " ind2="4">
      <subfield code="a">Großbritannien</subfield>
    </datafield>
    <datafield tag="651" ind1=" " ind2="4">
      <subfield code="a">Kent</subfield>
    </datafield>
    <datafield tag="651" ind1=" " ind2="4">
      <subfield code="a">South-East England</subfield>
    </datafield>
    <datafield tag="700" ind1="2" ind2=" ">
      <subfield code="a">Harrewyn, Jacques</subfield>
    </datafield>
    <datafield tag="700" ind1="2" ind2=" ">
      <subfield code="a">Fricx, Eugène Henry</subfield>
    </datafield>
    <datafield tag="841" ind1=" " ind2=" ">
      <subfield code="a">em__</subfield>
      <subfield code="b">1709</subfield>
      <subfield code="c">3</subfield>
    </datafield>
    <datafield tag="852" ind1=" " ind2=" ">
      <subfield code="a">DE-185</subfield>
      <subfield code="c">Historische Abteilung</subfield>
      <subfield code="m">HK 0068</subfield>
      <subfield code="t">179011001</subfield>
    </datafield>
    <datafield tag="856" ind1=" " ind2=" ">
      <subfield code="a">https://ifl.wissensbank.com/fastlink.html?search=179011000</subfield>
      <subfield code="3">permalink</subfield>
    </datafield>
    <datafield tag="856" ind1=" " ind2=" ">
      <subfield code="a">https://ifl.wissensbank.com/cgi-bin/starfetch.exe?9GRmCqLqpzvYE@zqVgY3dAkY.bjtJi0NLfncdrZQLaRCzPMtLRoqAYPbUR4ImqfgxAxURCkkEWSrXipUofJixqxBH.kQnX7ahL1HMSg6s4@LAvNq.WvEnLPBr7tEyqbDGndtKswAK9wzxaUjBCc5Wg/HK68.jpg</subfield>
      <subfield code="3">file</subfield>
    </datafield>
  </record>