
  <record>
    <leader>01250nem  22002893  4500</leader>
    <controlfield tag="001">179015000</controlfield>
    <controlfield tag="003">DE-185</controlfield>
    <controlfield tag="007">ta</controlfield>
    <controlfield tag="008">1640                             i|dut</controlfield>
    <datafield tag="041" ind1=" " ind2=" ">
      <subfield code="a">dut</subfield>
    </datafield>
    <datafield tag="084" ind1=" " ind2=" ">
      <subfield code="a">RA04.03 Niederlande</subfield>
    </datafield>
    <datafield tag="225" ind1=" " ind2=" ">
      <subfield code="c">E 4°41'42"-E 4°52'44"/N 51°43'38"-N 51°33'12"</subfield>
    </datafield>
    <datafield tag="245" ind1="1" ind2="0">
      <subfield code="a">Nieuwe Kaerte van Breda belegert door syne Altesa Frederick Hendrick van Naßou Prince van Orangien den 23 Iuly 1637</subfield>
    </datafield>
    <datafield tag="260" ind1=" " ind2=" ">
      <subfield code="a">[Amsterdam]</subfield>
      <subfield code="c">[ca. 1640]</subfield>
    </datafield>
    <datafield tag="300" ind1=" " ind2=" ">
      <subfield code="a">1 Kt.</subfield>
      <subfield code="b">unkolor.</subfield>
      <subfield code="c">48 x 35 cm</subfield>
    </datafield>
    <datafield tag="337" ind1=" " ind2=" ">
      <subfield code="a">Karte</subfield>
    </datafield>
    <datafield tag="500" ind1=" " ind2=" ">
      <subfield code="a">Maßstab in graph. Form (Rylantsche Roeden, Duytsche Myle). - WNW oben. - Titel oben links. - Mit Nebenkt.: t'Hoornwerck voor de Ginnekens Poort By syn Hoocheyt verovert op den 7. September 1637. - Nachdruck. - Ohne Relief</subfield>
    </datafield>
    <datafield tag="520" ind1="3" ind2="#">
      <subfield code="a">Westholland mit Befestigungsanlagen etc.</subfield>
    </datafield>
    <datafield tag="650" ind1=" " ind2="4">
      <subfield code="a">Altkarte</subfield>
    </datafield>
    <datafield tag="651" ind1=" " ind2="4">
      <subfield code="a">Niederlande</subfield>
    </datafield>
    <datafield tag="651" ind1=" " ind2="4">
      <subfield code="a">Breda</subfield>
    </datafield>
    <datafield tag="653" ind1="1" ind2=" ">
      <subfield code="a">Krieg/Bürgerkrieg</subfield>
    </datafield>
    <datafield tag="841" ind1=" " ind2=" ">
      <subfield code="a">em__</subfield>
      <subfield code="b">1640</subfield>
      <subfield code="c">3</subfield>
    </datafield>
    <datafield tag="852" ind1=" " ind2=" ">
      <subfield code="a">DE-185</subfield>
      <subfield code="c">Historische Abteilung</subfield>
      <subfield code="m">HK 0071a</subfield>
      <subfield code="t">179015001</subfield>
    </datafield>
    <datafield tag="856" ind1=" " ind2=" ">
      <subfield code="a">https://ifl.wissensbank.com/fastlink.html?search=179015000</subfield>
      <subfield code="3">permalink</subfield>
    </datafield>
    <datafield tag="856" ind1=" " ind2=" ">
      <subfield code="a">https://ifl.wissensbank.com/cgi-bin/starfetch.exe?Ml9nuYJ2ox7PvvQHuhxJkl98vVENuCnaffOKuQKb9xmeJ3qy3mpLeYIOI0gr8ttzDX6sN9IyoshIflf8OLfBKcsfA9qcWU4qSiQN6pThhHLV3VlYheDji8W0DmSzMwypl8Tr1By8WjY1CLMjPQgVLQ/HK71A.jpg</subfield>
      <subfield code="3">file</subfield>
    </datafield>
  </record>