
  <record>
    <leader>01250nem  22002893  4500</leader>
    <controlfield tag="001">179016000</controlfield>
    <controlfield tag="003">DE-185</controlfield>
    <controlfield tag="007">ta</controlfield>
    <controlfield tag="008">1629                             i|dut</controlfield>
    <datafield tag="041" ind1=" " ind2=" ">
      <subfield code="a">dut</subfield>
      <subfield code="a">fre</subfield>
    </datafield>
    <datafield tag="084" ind1=" " ind2=" ">
      <subfield code="a">RA04.03 Niederlande</subfield>
    </datafield>
    <datafield tag="225" ind1=" " ind2=" ">
      <subfield code="c">E 5°16'56"-E 5°19'34"/N 51°42'04"-N 51°40'27"</subfield>
    </datafield>
    <datafield tag="245" ind1="1" ind2="0">
      <subfield code="a">Siege, Et Plan Geometrique de la Vielle de Bois-Leducq en Braban</subfield>
      <subfield code="b">geometrissche Plante van S'Hertogenbossche, Belegert Door Syn Excell. De Prince Van Oraingen ; Cum privillegio Illust. D. D. Generalium</subfield>
      <subfield code="c">van Henricus Hondius</subfield>
    </datafield>
    <datafield tag="260" ind1=" " ind2=" ">
      <subfield code="a">s'Graven-hage</subfield>
      <subfield code="b">Henricus Hondius</subfield>
      <subfield code="c">1629</subfield>
    </datafield>
    <datafield tag="300" ind1=" " ind2=" ">
      <subfield code="a">1 Kt.</subfield>
      <subfield code="b">unkolor.</subfield>
      <subfield code="c">41 x 45 cm</subfield>
    </datafield>
    <datafield tag="337" ind1=" " ind2=" ">
      <subfield code="a">Karte</subfield>
    </datafield>
    <datafield tag="500" ind1=" " ind2=" ">
      <subfield code="a">Maßstab in graph. Form (R). - NW oben. - Stadtansicht von Hertogenbosch oben. - Titel links darunter. - Erl. in franz. links und rechts an der Karte angefügt. - Ohne Relief</subfield>
    </datafield>
    <datafield tag="520" ind1="3" ind2="#">
      <subfield code="a">Region Hertogenbosch mit Befestigungsanlagen etc.</subfield>
    </datafield>
    <datafield tag="650" ind1=" " ind2="4">
      <subfield code="a">Altkarte</subfield>
    </datafield>
    <datafield tag="651" ind1=" " ind2="4">
      <subfield code="a">Niederlande</subfield>
    </datafield>
    <datafield tag="651" ind1=" " ind2="4">
      <subfield code="a">s'-Hertogenbosch</subfield>
    </datafield>
    <datafield tag="653" ind1="1" ind2=" ">
      <subfield code="a">Krieg/Bürgerkrieg</subfield>
    </datafield>
    <datafield tag="700" ind1="2" ind2=" ">
      <subfield code="a">Hondius, Hendrik</subfield>
    </datafield>
    <datafield tag="841" ind1=" " ind2=" ">
      <subfield code="a">em__</subfield>
      <subfield code="b">1629</subfield>
      <subfield code="c">3</subfield>
    </datafield>
    <datafield tag="852" ind1=" " ind2=" ">
      <subfield code="a">DE-185</subfield>
      <subfield code="c">Historische Abteilung</subfield>
      <subfield code="m">HK 0072</subfield>
      <subfield code="t">179016001</subfield>
    </datafield>
    <datafield tag="856" ind1=" " ind2=" ">
      <subfield code="a">https://ifl.wissensbank.com/fastlink.html?search=179016000</subfield>
      <subfield code="3">permalink</subfield>
    </datafield>
    <datafield tag="856" ind1=" " ind2=" ">
      <subfield code="a">https://ifl.wissensbank.com/cgi-bin/starfetch.exe?JELGq3N7E4YaacEjMmZ4IBCxFR@GF3nFJHUNyWedE.Vq7ID61N.ogyzW46Ba.ud6ItrVEHU6USRlfWkT62aLcf2WmkbihhT@49eFZuSyZ0YjvaB7O671Oz323nIiuFOS1TX.jkYQTkQgM3TM9OPOjA/HK72.jpg</subfield>
      <subfield code="3">file</subfield>
    </datafield>
  </record>