
  <record>
    <leader>01250nem  22002893  4500</leader>
    <controlfield tag="001">179018000</controlfield>
    <controlfield tag="003">DE-185</controlfield>
    <controlfield tag="007">ta</controlfield>
    <controlfield tag="008">1746                             i|dut</controlfield>
    <datafield tag="041" ind1=" " ind2=" ">
      <subfield code="a">dut</subfield>
    </datafield>
    <datafield tag="084" ind1=" " ind2=" ">
      <subfield code="a">RA04.03 Niederlande</subfield>
    </datafield>
    <datafield tag="225" ind1=" " ind2=" ">
      <subfield code="c">E 4°17'20"-E 4°17'54"/N 51°30'02"-N 51°29'46"</subfield>
    </datafield>
    <datafield tag="245" ind1="1" ind2="0">
      <subfield code="a">Nieuwe platte Grond van Bergen op Zoom, met de Forten op de Linie derselver Belegeringe en Attaque der Franse, zedert den 16. July 1747</subfield>
      <subfield code="b">Na de Origineele Aftekening op de Plaats, door een voornaam Hollands Officier in't ligt gegeven</subfield>
      <subfield code="c">by Petrus Schenk</subfield>
    </datafield>
    <datafield tag="260" ind1=" " ind2=" ">
      <subfield code="a">Amsterdam</subfield>
      <subfield code="b">Pieter Schenk</subfield>
      <subfield code="c">[nach 1746]</subfield>
    </datafield>
    <datafield tag="300" ind1=" " ind2=" ">
      <subfield code="a">1 Kt.</subfield>
      <subfield code="b">unkolor.</subfield>
      <subfield code="c">23 x 41 cm</subfield>
    </datafield>
    <datafield tag="337" ind1=" " ind2=" ">
      <subfield code="a">Karte</subfield>
    </datafield>
    <datafield tag="500" ind1=" " ind2=" ">
      <subfield code="a">NO oben. - Titel oben links. - Mit Erl. auf dem Planrahmen. - Ohne Relief</subfield>
    </datafield>
    <datafield tag="520" ind1="3" ind2="#">
      <subfield code="a">Bergen op Zoom mit Befestigungsanlagen etc.</subfield>
    </datafield>
    <datafield tag="650" ind1=" " ind2="4">
      <subfield code="a">Altkarte</subfield>
    </datafield>
    <datafield tag="651" ind1=" " ind2="4">
      <subfield code="a">Niederlande</subfield>
    </datafield>
    <datafield tag="651" ind1=" " ind2="4">
      <subfield code="a">Bergen op Zoom</subfield>
    </datafield>
    <datafield tag="653" ind1="1" ind2=" ">
      <subfield code="a">Burg/Festung</subfield>
    </datafield>
    <datafield tag="700" ind1="2" ind2=" ">
      <subfield code="a">Schenk, Pieter (der Jüngere)</subfield>
    </datafield>
    <datafield tag="841" ind1=" " ind2=" ">
      <subfield code="a">em__</subfield>
      <subfield code="b">1746</subfield>
      <subfield code="c">3</subfield>
    </datafield>
    <datafield tag="852" ind1=" " ind2=" ">
      <subfield code="a">DE-185</subfield>
      <subfield code="c">Historische Abteilung</subfield>
      <subfield code="m">HK 0074</subfield>
      <subfield code="t">179018001</subfield>
    </datafield>
    <datafield tag="856" ind1=" " ind2=" ">
      <subfield code="a">https://ifl.wissensbank.com/fastlink.html?search=179018000</subfield>
      <subfield code="3">permalink</subfield>
    </datafield>
    <datafield tag="856" ind1=" " ind2=" ">
      <subfield code="a">https://ifl.wissensbank.com/cgi-bin/starfetch.exe?VW.H0@4uCrnc7kmt9Mpy3cFPhLIwkwUVqyPWcYx3oFitdxVx@Y27qg89waMvF8kCYAajmNlAIJLNOnldCwtYpL3ohYgJCsmDIbm4Faig5@hu0uLdfeis@xVGLhtZDJqS6MUhlRZxER8rajKH3Bm21w/HK74.jpg</subfield>
      <subfield code="3">file</subfield>
    </datafield>
  </record>