
  <record>
    <leader>01250nem  22002893  4500</leader>
    <controlfield tag="001">179019000</controlfield>
    <controlfield tag="003">DE-185</controlfield>
    <controlfield tag="007">ta</controlfield>
    <controlfield tag="008">1696                             i|fre</controlfield>
    <datafield tag="041" ind1=" " ind2=" ">
      <subfield code="a">fre</subfield>
    </datafield>
    <datafield tag="084" ind1=" " ind2=" ">
      <subfield code="a">RA05.14 Schweiz</subfield>
    </datafield>
    <datafield tag="225" ind1=" " ind2=" ">
      <subfield code="c">E 6°08'18"-E 6°08'56"/N 46°12'27"-N 46°12'09"</subfield>
    </datafield>
    <datafield tag="245" ind1="1" ind2="0">
      <subfield code="a">Geneve: Ville capitele d'une Republique de même nom Située a l'extremité d'un Lac a 46. degrez de latitude et 27. degrez 40. minutes de longitude</subfield>
      <subfield code="b">avec Privilege du Roy</subfield>
      <subfield code="c">a Paris chez le S[ieu]r de Fer, dans l'Isle du Palais sur le Quay de l'orloge a la Sphere Royale</subfield>
    </datafield>
    <datafield tag="260" ind1=" " ind2=" ">
      <subfield code="a">Paris</subfield>
      <subfield code="b">[Selbstverl.]</subfield>
      <subfield code="c">[ca. 1696]</subfield>
    </datafield>
    <datafield tag="300" ind1=" " ind2=" ">
      <subfield code="a">2 Kt. auf 1 Bl.</subfield>
      <subfield code="b">unkolor.</subfield>
      <subfield code="c">28 x 20 cm</subfield>
    </datafield>
    <datafield tag="337" ind1=" " ind2=" ">
      <subfield code="a">Karte</subfield>
    </datafield>
    <datafield tag="500" ind1=" " ind2=" ">
      <subfield code="a">Maßstab in graph. Form (toises). - Titelkartusche oben links. - Kartusche mit Verfasserangabe unten rechts. - Weitere Kartusche oben rechts. - Vermutlich aus: Fer, Nicolas de: Les Forces de L'Europe, ou Description des Principales Villes. - Ohne Relief. - Enth.: Genes</subfield>
    </datafield>
    <datafield tag="520" ind1="3" ind2="#">
      <subfield code="a">Stadtplan von Genf</subfield>
    </datafield>
    <datafield tag="650" ind1=" " ind2="4">
      <subfield code="a">Altkarte</subfield>
    </datafield>
    <datafield tag="651" ind1=" " ind2="4">
      <subfield code="a">Schweiz</subfield>
    </datafield>
    <datafield tag="651" ind1=" " ind2="4">
      <subfield code="a">Geneve</subfield>
    </datafield>
    <datafield tag="700" ind1="2" ind2=" ">
      <subfield code="a">Fer, Nicolas de</subfield>
    </datafield>
    <datafield tag="841" ind1=" " ind2=" ">
      <subfield code="a">em__</subfield>
      <subfield code="b">1696</subfield>
      <subfield code="c">3</subfield>
    </datafield>
    <datafield tag="852" ind1=" " ind2=" ">
      <subfield code="a">DE-185</subfield>
      <subfield code="c">Historische Abteilung</subfield>
      <subfield code="m">HK 0075</subfield>
      <subfield code="t">179019001</subfield>
    </datafield>
    <datafield tag="856" ind1=" " ind2=" ">
      <subfield code="a">https://ifl.wissensbank.com/fastlink.html?search=179019000</subfield>
      <subfield code="3">permalink</subfield>
    </datafield>
    <datafield tag="856" ind1=" " ind2=" ">
      <subfield code="a">https://ifl.wissensbank.com/cgi-bin/starfetch.exe?MNfLzG8dBx2TA4DPMXuYkhvwXoPPHgCo7RGtA8j..RXCDAdpMUQcnCcFGCRp0vb2CpdQqC.qCsuu0C.jCoYhGAWYxXzV5Doup7UgC518PapeXoQGsb@cCiizcoaVpztGMrhMyagYUTGwJnS48y9yng/HK75.jpg</subfield>
      <subfield code="3">file</subfield>
    </datafield>
  </record>