
  <record>
    <leader>01250nem  22002893  4500</leader>
    <controlfield tag="001">179020000</controlfield>
    <controlfield tag="003">DE-185</controlfield>
    <controlfield tag="007">ta</controlfield>
    <controlfield tag="008">1695                             i|fre</controlfield>
    <datafield tag="041" ind1=" " ind2=" ">
      <subfield code="a">fre</subfield>
    </datafield>
    <datafield tag="084" ind1=" " ind2=" ">
      <subfield code="a">RA06.03 Italien</subfield>
    </datafield>
    <datafield tag="225" ind1=" " ind2=" ">
      <subfield code="c">E 8°52'22"-E 8°57'23"/N 44°25'40"-N 44°23'35"</subfield>
    </datafield>
    <datafield tag="245" ind1="1" ind2="0">
      <subfield code="a">Genes: Ditte la Superbe Fameux Port sur la Mer Mediterranée, Capitole d'une Republique de même nom Située a 43. Degr. min. de Latitude et 31. Degr. de Longitude elle est la plus grande la plus Marchande et la plus Importante de toute l'Italie Occidentale</subfield>
      <subfield code="b">avec Privilege du Roy ; dediée a M[onsieu]r Marquis Jaques Lomellini Envoyé Extraordinaire de Genes, aupres de sa Majesté</subfield>
      <subfield code="c">a Paris chez le S[ieu]r de Fer dans l'Isle du Palais sur le Quay de L'Orloge à la Sphere Royale. H. van Loon fe[cit]</subfield>
    </datafield>
    <datafield tag="260" ind1=" " ind2=" ">
      <subfield code="a">Paris</subfield>
      <subfield code="b">[Selbstverl.]</subfield>
      <subfield code="c">1695</subfield>
    </datafield>
    <datafield tag="300" ind1=" " ind2=" ">
      <subfield code="a">2 Kt. auf 1 Bl.</subfield>
      <subfield code="b">unkolor.</subfield>
      <subfield code="c">27 x 17 cm</subfield>
    </datafield>
    <datafield tag="337" ind1=" " ind2=" ">
      <subfield code="a">Karte</subfield>
    </datafield>
    <datafield tag="500" ind1=" " ind2=" ">
      <subfield code="a">Maßstab in graph. Form (Mil Pas Geometriq.). - Titelkartusche oben links. - Verfasserangabe unten rechts. - Widmungskartusche oben rechts. - Vermutlich aus: Fer, Nicolas de: Les Forces de L'Europe, ou Description des Principales Villes. - Ohne Relief. - Enth.: Geneve</subfield>
    </datafield>
    <datafield tag="520" ind1="3" ind2="#">
      <subfield code="a">Stadtplan von Genua</subfield>
    </datafield>
    <datafield tag="650" ind1=" " ind2="4">
      <subfield code="a">Altkarte</subfield>
    </datafield>
    <datafield tag="651" ind1=" " ind2="4">
      <subfield code="a">Italien</subfield>
    </datafield>
    <datafield tag="651" ind1=" " ind2="4">
      <subfield code="a">Genova (Genua)</subfield>
    </datafield>
    <datafield tag="700" ind1="2" ind2=" ">
      <subfield code="a">Fer, Nicolas de</subfield>
    </datafield>
    <datafield tag="700" ind1="2" ind2=" ">
      <subfield code="a">Loon, Herman van</subfield>
    </datafield>
    <datafield tag="841" ind1=" " ind2=" ">
      <subfield code="a">em__</subfield>
      <subfield code="b">1695</subfield>
      <subfield code="c">3</subfield>
    </datafield>
    <datafield tag="852" ind1=" " ind2=" ">
      <subfield code="a">DE-185</subfield>
      <subfield code="c">Historische Abteilung</subfield>
      <subfield code="m">HK 0075</subfield>
      <subfield code="t">179020001</subfield>
    </datafield>
    <datafield tag="856" ind1=" " ind2=" ">
      <subfield code="a">https://ifl.wissensbank.com/fastlink.html?search=179020000</subfield>
      <subfield code="3">permalink</subfield>
    </datafield>
    <datafield tag="856" ind1=" " ind2=" ">
      <subfield code="a">https://ifl.wissensbank.com/cgi-bin/starfetch.exe?@Cpq.bNUxyBsRd3ofp6nnQf5cG4yhNQawnQ9mQOzL9.GDxeo6S5TZuJ8YJ6LLCSQKQr2JcDn7RgUCzJTH@sFD1QXGkb4ZaJkou4qEyf.qz4fvSdNSnvEyubvxWH4nd4ZWP@lyXhOtf75OTBOkYxDzA/HK75.jpg</subfield>
      <subfield code="3">file</subfield>
    </datafield>
  </record>