
  <record>
    <leader>01250nem  22002893  4500</leader>
    <controlfield tag="001">179022000</controlfield>
    <controlfield tag="003">DE-185</controlfield>
    <controlfield tag="007">ta</controlfield>
    <controlfield tag="008">1800                             i|fre</controlfield>
    <datafield tag="041" ind1=" " ind2=" ">
      <subfield code="a">fre</subfield>
    </datafield>
    <datafield tag="084" ind1=" " ind2=" ">
      <subfield code="a">RA06.03 Italien</subfield>
    </datafield>
    <datafield tag="225" ind1=" " ind2=" ">
      <subfield code="c">E 10°39'20"-E 10°59'40"/N 45°15'28"-N 45°01'53"</subfield>
    </datafield>
    <datafield tag="245" ind1="1" ind2="0">
      <subfield code="a">Carte Particuliere du Serglio et des Environs de Mantou</subfield>
      <subfield code="b">depuis Goito jusques a Gouvernolo ou sont Marquées les Camps de Rivalta et de la Madone de la gratie Commandée par Son Altesse Monseigneur de Vandome en 1702 levée sur le S[ieu]r Bailleul</subfield>
      <subfield code="c">a Paris chez le S[ieu]r Bailleul Ingenieur et Geographe ruë de la Calande pres le Palais dans la Maison ou Loge M[onsieu]r le Commissaire la Fosse. Et au Palais dans la Grande Salle du Côté de la Fenestre</subfield>
    </datafield>
    <datafield tag="260" ind1=" " ind2=" ">
      <subfield code="a">Paris</subfield>
      <subfield code="b">Bailleul</subfield>
      <subfield code="c">[um 1800]</subfield>
    </datafield>
    <datafield tag="300" ind1=" " ind2=" ">
      <subfield code="a">1 Kt.</subfield>
      <subfield code="b">unkolor.</subfield>
      <subfield code="c">50 x 38 cm</subfield>
    </datafield>
    <datafield tag="337" ind1=" " ind2=" ">
      <subfield code="a">Karte</subfield>
    </datafield>
    <datafield tag="500" ind1=" " ind2=" ">
      <subfield code="a">Maßstab in graph. Form (Milles d'Italie). - Titelkartusche oben rechts. - Erl. unten links. - Ohne Relief</subfield>
    </datafield>
    <datafield tag="520" ind1="3" ind2="#">
      <subfield code="a">Militärkarte von Mantua und Umgebung mit Lagern etc.</subfield>
    </datafield>
    <datafield tag="650" ind1=" " ind2="4">
      <subfield code="a">Altkarte</subfield>
    </datafield>
    <datafield tag="651" ind1=" " ind2="4">
      <subfield code="a">Italien</subfield>
    </datafield>
    <datafield tag="651" ind1=" " ind2="4">
      <subfield code="a">Mantova (reg.)</subfield>
    </datafield>
    <datafield tag="653" ind1="1" ind2=" ">
      <subfield code="a">Krieg/Bürgerkrieg</subfield>
    </datafield>
    <datafield tag="700" ind1="2" ind2=" ">
      <subfield code="a">Bailleul, Gaspard</subfield>
    </datafield>
    <datafield tag="841" ind1=" " ind2=" ">
      <subfield code="a">em__</subfield>
      <subfield code="b">1800</subfield>
      <subfield code="c">3</subfield>
    </datafield>
    <datafield tag="852" ind1=" " ind2=" ">
      <subfield code="a">DE-185</subfield>
      <subfield code="c">Historische Abteilung</subfield>
      <subfield code="m">HK 0076</subfield>
      <subfield code="t">179022001</subfield>
    </datafield>
    <datafield tag="856" ind1=" " ind2=" ">
      <subfield code="a">https://ifl.wissensbank.com/fastlink.html?search=179022000</subfield>
      <subfield code="3">permalink</subfield>
    </datafield>
    <datafield tag="856" ind1=" " ind2=" ">
      <subfield code="a">https://ifl.wissensbank.com/cgi-bin/starfetch.exe?@sTV36Hj0kNtrwdUf0sUWYoAE3ZD@iqBPdXygB0svxDYsgh1.mUsj2i9Za1Kkg7mLJZWIXMFImmyw1vsw61ArGW6KnpP6STPBnDPJRZYqbTJeQ8IGLbGotEwUFuBLQRGPxXgsP3YZz0A9Ms8xXEklQ/HK76.jpg</subfield>
      <subfield code="3">file</subfield>
    </datafield>
  </record>