
  <record>
    <leader>01250nem  22002893  4500</leader>
    <controlfield tag="001">179024000</controlfield>
    <controlfield tag="003">DE-185</controlfield>
    <controlfield tag="007">ta</controlfield>
    <controlfield tag="008">1693                             i|fre</controlfield>
    <datafield tag="041" ind1=" " ind2=" ">
      <subfield code="a">fre</subfield>
    </datafield>
    <datafield tag="084" ind1=" " ind2=" ">
      <subfield code="a">RA06.03 Italien</subfield>
    </datafield>
    <datafield tag="245" ind1="1" ind2="0">
      <subfield code="a">Carmagnole</subfield>
      <subfield code="b">Ville d'Italie, Située pres du Po en Piemont, a 44 D[egrez] 37. M[inutes] de Lat[itude] et 29. D[egrez] 16. M[inutes] de Lo[ngitude] au Duc de Savoye ; Avec Privil. du Roy</subfield>
      <subfield code="c">a Paris chez le S[ieu]r de Fer dans l'Isle du Palais sur le quay de l'Orloge a la Sphere Royale</subfield>
    </datafield>
    <datafield tag="260" ind1=" " ind2=" ">
      <subfield code="a">Paris</subfield>
      <subfield code="b">[Selbstverl.]</subfield>
      <subfield code="c">1693</subfield>
    </datafield>
    <datafield tag="300" ind1=" " ind2=" ">
      <subfield code="a">1 Kt.</subfield>
      <subfield code="b">unkolor.</subfield>
      <subfield code="c">27 x 20 cm</subfield>
    </datafield>
    <datafield tag="337" ind1=" " ind2=" ">
      <subfield code="a">Karte</subfield>
    </datafield>
    <datafield tag="500" ind1=" " ind2=" ">
      <subfield code="a">Maßstab in graph. Form ([toises]). - Titelkartusche oben links. - Kartusche mit Verfasserangabe unten rechts. - Vermutlich aus: Fer, Nicolas de: Les Forces de l'Europe, ou Description des Principales Villes. - Ohne Relief</subfield>
    </datafield>
    <datafield tag="520" ind1="3" ind2="#">
      <subfield code="a">Stadtplan von Carmagnole mit Befestigungen</subfield>
    </datafield>
    <datafield tag="650" ind1=" " ind2="4">
      <subfield code="a">Altkarte</subfield>
    </datafield>
    <datafield tag="651" ind1=" " ind2="4">
      <subfield code="a">Italien</subfield>
    </datafield>
    <datafield tag="651" ind1=" " ind2="4">
      <subfield code="a">Carmagnola</subfield>
    </datafield>
    <datafield tag="653" ind1="1" ind2=" ">
      <subfield code="a">Burg/Festung</subfield>
    </datafield>
    <datafield tag="700" ind1="2" ind2=" ">
      <subfield code="a">Fer, Nicolas de</subfield>
    </datafield>
    <datafield tag="841" ind1=" " ind2=" ">
      <subfield code="a">em__</subfield>
      <subfield code="b">1693</subfield>
      <subfield code="c">3</subfield>
    </datafield>
    <datafield tag="852" ind1=" " ind2=" ">
      <subfield code="a">DE-185</subfield>
      <subfield code="c">Historische Abteilung</subfield>
      <subfield code="m">HK 0078/I</subfield>
      <subfield code="t">179024001</subfield>
    </datafield>
    <datafield tag="856" ind1=" " ind2=" ">
      <subfield code="a">https://ifl.wissensbank.com/fastlink.html?search=179024000</subfield>
      <subfield code="3">permalink</subfield>
    </datafield>
    <datafield tag="856" ind1=" " ind2=" ">
      <subfield code="a">https://ifl.wissensbank.com/cgi-bin/starfetch.exe?Trlz96A9ezGxomLapa.QHuLvO5v9tf95Mq8e8bxDQTiO8b6WDHymh.G5N3jbY.r9291xNTf@9e.88O8q5@vZaF5j88W9@FeHv0ApdNg62oR0RdbcbhXAAufxHDSE6rv.qanDm6zExVZ2@wJclsFpbg/HK78.jpg</subfield>
      <subfield code="3">file</subfield>
    </datafield>
  </record>