
  <record>
    <leader>01250nem  22002893  4500</leader>
    <controlfield tag="001">179025000</controlfield>
    <controlfield tag="003">DE-185</controlfield>
    <controlfield tag="007">ta</controlfield>
    <controlfield tag="008">1696                             i|fre</controlfield>
    <datafield tag="041" ind1=" " ind2=" ">
      <subfield code="a">fre</subfield>
    </datafield>
    <datafield tag="084" ind1=" " ind2=" ">
      <subfield code="a">RA06.03 Italien</subfield>
    </datafield>
    <datafield tag="225" ind1=" " ind2=" ">
      <subfield code="c">E 8°24'51"-E 8°25'59"/N 45°19'53"-N 45°19'13"</subfield>
    </datafield>
    <datafield tag="245" ind1="1" ind2="0">
      <subfield code="a">Verceil</subfield>
      <subfield code="b">Ville Forte en Italie et de Piemont, Capitalle d'une Seigneurie de même nom, au Duc de Savoye, Située a 44. Deg[rez] 58. min[utes] de Latitude et a 30. Deg[rez] 22. min[utes] de Longitude sur la petite Riviere de Cervo qui tombe dans la Sesia e celle si dans la fameuse Riviere du Po ; Avec Privilege du Roy</subfield>
      <subfield code="c">a Paris chez N. de Fer Geographe de Monseigneur le Dauphin dans l'Isle du Palais sur le Quay de l'Orloge, a la Sphere Royalle. H. van Loon sculp[sit]</subfield>
    </datafield>
    <datafield tag="260" ind1=" " ind2=" ">
      <subfield code="a">Paris</subfield>
      <subfield code="b">[Selbstverl.]</subfield>
      <subfield code="c">[1696]</subfield>
    </datafield>
    <datafield tag="300" ind1=" " ind2=" ">
      <subfield code="a">1 Kt.</subfield>
      <subfield code="b">unkolor.</subfield>
      <subfield code="c">27 x 20 cm</subfield>
    </datafield>
    <datafield tag="337" ind1=" " ind2=" ">
      <subfield code="a">Karte</subfield>
    </datafield>
    <datafield tag="500" ind1=" " ind2=" ">
      <subfield code="a">Maßstab in graph. Form (Thoisez). - Titelkartusche oben links. - Verfasserangabe unten rechts. - Vermutlich aus: Fer, Nicolas de: Les Forces de L'Europe, ou Description des Principales Villes. - Ohne Relief</subfield>
    </datafield>
    <datafield tag="520" ind1="3" ind2="#">
      <subfield code="a">Stadtplan von Vercelli mit Befestigungen</subfield>
    </datafield>
    <datafield tag="650" ind1=" " ind2="4">
      <subfield code="a">Altkarte</subfield>
    </datafield>
    <datafield tag="651" ind1=" " ind2="4">
      <subfield code="a">Italien</subfield>
    </datafield>
    <datafield tag="651" ind1=" " ind2="4">
      <subfield code="a">Vercelli</subfield>
    </datafield>
    <datafield tag="653" ind1="1" ind2=" ">
      <subfield code="a">Burg/Festung</subfield>
    </datafield>
    <datafield tag="700" ind1="2" ind2=" ">
      <subfield code="a">Fer, Nicolas de</subfield>
    </datafield>
    <datafield tag="700" ind1="2" ind2=" ">
      <subfield code="a">Loon, Herman van</subfield>
    </datafield>
    <datafield tag="841" ind1=" " ind2=" ">
      <subfield code="a">em__</subfield>
      <subfield code="b">1696</subfield>
      <subfield code="c">3</subfield>
    </datafield>
    <datafield tag="852" ind1=" " ind2=" ">
      <subfield code="a">DE-185</subfield>
      <subfield code="c">Historische Abteilung</subfield>
      <subfield code="m">HK 0078/II</subfield>
      <subfield code="t">179025001</subfield>
    </datafield>
    <datafield tag="856" ind1=" " ind2=" ">
      <subfield code="a">https://ifl.wissensbank.com/fastlink.html?search=179025000</subfield>
      <subfield code="3">permalink</subfield>
    </datafield>
    <datafield tag="856" ind1=" " ind2=" ">
      <subfield code="a">https://ifl.wissensbank.com/cgi-bin/starfetch.exe?spj9PV3sjw1.bef8OL9D8ZwlcpftfKSDgjtaYAmdMxBqxLF950TkyrMrlgww9r2Nq7nihKlUVsGiGwXMEcT6cKQ7dZ1VEpVTBb76g5gL2RS3t2lcAgR3VxDZLDW5ZOXDjOBdtGTffb.yfRc5dDVxww/HK78.jpg</subfield>
      <subfield code="3">file</subfield>
    </datafield>
  </record>