
  <record>
    <leader>01250nem  22002893  4500</leader>
    <controlfield tag="001">179029000</controlfield>
    <controlfield tag="003">DE-185</controlfield>
    <controlfield tag="007">ta</controlfield>
    <controlfield tag="008">1692                             i|fre</controlfield>
    <datafield tag="041" ind1=" " ind2=" ">
      <subfield code="a">fre</subfield>
    </datafield>
    <datafield tag="084" ind1=" " ind2=" ">
      <subfield code="a">RA06.03 Italien</subfield>
    </datafield>
    <datafield tag="245" ind1="1" ind2="0">
      <subfield code="a">Valence</subfield>
      <subfield code="b">Ville Forte d'Italie, des Estats de Milan Située sur la Riviere du Po, a 44. degrez 30. minutes de Latitude, et 29. degrez 35. minutes de Longitude ; elle a esté prise plusieurs fois par les françois qui l'ont remise aux Espagnds en 1659 qui la possedent encore aujourdhuy ; avec Privil. du Roy</subfield>
      <subfield code="c">a Paris chez le S[ieu]r de Fer dans l'Isle du Palais a la Sphere Royale</subfield>
    </datafield>
    <datafield tag="260" ind1=" " ind2=" ">
      <subfield code="a">Paris</subfield>
      <subfield code="b">[Selbstverl.]</subfield>
      <subfield code="c">1692</subfield>
    </datafield>
    <datafield tag="300" ind1=" " ind2=" ">
      <subfield code="a">1 Kt.</subfield>
      <subfield code="b">unkolor.</subfield>
      <subfield code="c">27 x 19 cm</subfield>
    </datafield>
    <datafield tag="337" ind1=" " ind2=" ">
      <subfield code="a">Karte</subfield>
    </datafield>
    <datafield tag="500" ind1=" " ind2=" ">
      <subfield code="a">Maßstab in graph. Form (ohne Maßeinheiten). - Titelkartusche oben links. - Auch in: Fer, Nicolas de: Les Forces de L'Europe, ou Description des Principales Villes. - Ohne Relief</subfield>
    </datafield>
    <datafield tag="520" ind1="3" ind2="#">
      <subfield code="a">Stadtplan von Velanza mit Befestigungen</subfield>
    </datafield>
    <datafield tag="650" ind1=" " ind2="4">
      <subfield code="a">Altkarte</subfield>
    </datafield>
    <datafield tag="650" ind1=" " ind2="4">
      <subfield code="a">Stadtplan</subfield>
    </datafield>
    <datafield tag="651" ind1=" " ind2="4">
      <subfield code="a">Italien</subfield>
    </datafield>
    <datafield tag="651" ind1=" " ind2="4">
      <subfield code="a">Valenza</subfield>
    </datafield>
    <datafield tag="653" ind1="1" ind2=" ">
      <subfield code="a">Burg/Festung</subfield>
    </datafield>
    <datafield tag="700" ind1="2" ind2=" ">
      <subfield code="a">Fer, Nicolas de</subfield>
    </datafield>
    <datafield tag="841" ind1=" " ind2=" ">
      <subfield code="a">em__</subfield>
      <subfield code="b">1692</subfield>
      <subfield code="c">3</subfield>
    </datafield>
    <datafield tag="852" ind1=" " ind2=" ">
      <subfield code="a">DE-185</subfield>
      <subfield code="c">Historische Abteilung</subfield>
      <subfield code="m">HK 0080/II</subfield>
      <subfield code="t">179029001</subfield>
    </datafield>
    <datafield tag="856" ind1=" " ind2=" ">
      <subfield code="a">https://ifl.wissensbank.com/fastlink.html?search=179029000</subfield>
      <subfield code="3">permalink</subfield>
    </datafield>
    <datafield tag="856" ind1=" " ind2=" ">
      <subfield code="a">https://ifl.wissensbank.com/cgi-bin/starfetch.exe?sKuCrt8klzxOWIXLwAkW@rBQ3FhFq8xAZXhvwCgbgYBJE1eR61XZIqAIRkuz3ZxLUryOLvyC8PZlC0gB.gL1xir1PNX30X.@DL57F@QpFBE@z0X6NCLbExqVhW1ZES4LoQNyPL6p@KDuJuDZ66dScQ/HK80.jpg</subfield>
      <subfield code="3">file</subfield>
    </datafield>
  </record>