
  <record>
    <leader>01250nem  22002893  4500</leader>
    <controlfield tag="001">179030000</controlfield>
    <controlfield tag="003">DE-185</controlfield>
    <controlfield tag="007">ta</controlfield>
    <controlfield tag="008">1800                             i|ger</controlfield>
    <datafield tag="041" ind1=" " ind2=" ">
      <subfield code="a">ger</subfield>
    </datafield>
    <datafield tag="084" ind1=" " ind2=" ">
      <subfield code="a">RS Ohne direkten Regionalbezug</subfield>
    </datafield>
    <datafield tag="245" ind1="1" ind2="0">
      <subfield code="a">Karte, welche die nöthigsten Karactere zu militärischen Situationszeichungen enthält</subfield>
      <subfield code="c">gezeichnet d. v. Humbert K. P. Ing. Lieut. Gest. v. I. W. Schleuen</subfield>
    </datafield>
    <datafield tag="260" ind1=" " ind2=" ">
      <subfield code="a">[Halle]</subfield>
      <subfield code="b">[Hemmerde &amp; Schwetschke]</subfield>
      <subfield code="c">[1800]</subfield>
    </datafield>
    <datafield tag="300" ind1=" " ind2=" ">
      <subfield code="a">1 Kt.</subfield>
      <subfield code="b">unkolor.</subfield>
      <subfield code="c">45 x 38 cm</subfield>
    </datafield>
    <datafield tag="337" ind1=" " ind2=" ">
      <subfield code="a">Karte</subfield>
    </datafield>
    <datafield tag="500" ind1=" " ind2=" ">
      <subfield code="a">Aus: Friedrich Meinerts Lehrbuch der gesammten Kriegswissenschaften für die Offiziere bei der Infanterie und Kavallerie, dritte Abtheilung, zweiter Band: Die Lehre vom Aufnehmen und Zeichnen militairischer Situationen, nebst einer Anleitung zur allgemeinen Terrainkenntnis. - Ohne Maßstab. - Titel oberhalb des Kt.-Feldes. - Mit Legende oben und unten. - Mit Truppenstellungen. - Relief: Schraffen</subfield>
    </datafield>
    <datafield tag="520" ind1="3" ind2="#">
      <subfield code="a">Übungskarte für militärische Situationszeichungen</subfield>
    </datafield>
    <datafield tag="650" ind1=" " ind2="4">
      <subfield code="a">Altkarte</subfield>
    </datafield>
    <datafield tag="650" ind1=" " ind2="4">
      <subfield code="a">Militärkartographie</subfield>
    </datafield>
    <datafield tag="650" ind1=" " ind2="4">
      <subfield code="a">Topographie</subfield>
    </datafield>
    <datafield tag="650" ind1=" " ind2="4">
      <subfield code="a">Geländedarstellung</subfield>
    </datafield>
    <datafield tag="650" ind1=" " ind2="4">
      <subfield code="a">Zeichnen</subfield>
    </datafield>
    <datafield tag="700" ind1="2" ind2=" ">
      <subfield code="a">Schleuen, Johann Wilhelm</subfield>
    </datafield>
    <datafield tag="700" ind1="2" ind2=" ">
      <subfield code="a">Humbert, C. J. von</subfield>
    </datafield>
    <datafield tag="700" ind1="2" ind2=" ">
      <subfield code="a">Meinert, Friedrich</subfield>
    </datafield>
    <datafield tag="700" ind1="2" ind2=" ">
      <subfield code="a">Hemmerde, Carl Hermann</subfield>
    </datafield>
    <datafield tag="700" ind1="2" ind2=" ">
      <subfield code="a">Schwetschke, Carl August</subfield>
    </datafield>
    <datafield tag="841" ind1=" " ind2=" ">
      <subfield code="a">em__</subfield>
      <subfield code="b">1800</subfield>
      <subfield code="c">3</subfield>
    </datafield>
    <datafield tag="852" ind1=" " ind2=" ">
      <subfield code="a">DE-185</subfield>
      <subfield code="c">Historische Abteilung</subfield>
      <subfield code="m">HK 1455</subfield>
      <subfield code="t">179030001</subfield>
    </datafield>
    <datafield tag="856" ind1=" " ind2=" ">
      <subfield code="a">https://ifl.wissensbank.com/fastlink.html?search=179030000</subfield>
      <subfield code="3">permalink</subfield>
    </datafield>
    <datafield tag="856" ind1=" " ind2=" ">
      <subfield code="a">https://ifl.wissensbank.com/cgi-bin/starfetch.exe?kebSOGSzZRpC.V9@d9NvnyTGlbGGCwew0ASwmZS5dF5laf1@AU8GhYdIsGB@s3it@cxjkluTixcxe1llPr8miKhEiIeR9RTp59YRYxMrd6BK0Md.aMpE0Q6CGX4UKvqqB9GuzoLYN99giXNu4E0Lag/HK%201457.jpg</subfield>
      <subfield code="3">file</subfield>
    </datafield>
  </record>