
  <record>
    <leader>01250nem  22002893  4500</leader>
    <controlfield tag="001">179086000</controlfield>
    <controlfield tag="003">DE-185</controlfield>
    <controlfield tag="007">ta</controlfield>
    <controlfield tag="008">1695                             i|fre</controlfield>
    <datafield tag="041" ind1=" " ind2=" ">
      <subfield code="a">fre</subfield>
    </datafield>
    <datafield tag="084" ind1=" " ind2=" ">
      <subfield code="a">RA04.06 Frankreich</subfield>
    </datafield>
    <datafield tag="225" ind1=" " ind2=" ">
      <subfield code="c">E 7°16'05"-E 7°17'01"/N 43°42'04"-N 43°41'32"</subfield>
    </datafield>
    <datafield tag="245" ind1="1" ind2="0">
      <subfield code="a">Projet de la Ville et Forteresse de Nice</subfield>
      <subfield code="b">Nice, Ville Frontiere d'Italie, Située sur la Mer Mediteranée à 43. Degrez 31. Minutes de Latitude et 28. Dégrez 48. Minutes de Longitude, sa Forteresse Bastie sur un Rochér est une des plus Importantes Places d'Italie, qui fut Assiegée ; Innutitement par les Turcs sous Barbe Rousse, l'an 1541 ; Avec Privilege du Roy</subfield>
      <subfield code="c">A Paris, Chez le S[ieu]r de Fer, dans l'Isle du Palais sur le Quay de l'Orloge, a la Sphere Royale</subfield>
    </datafield>
    <datafield tag="260" ind1=" " ind2=" ">
      <subfield code="a">[Paris]</subfield>
      <subfield code="b">[Selbstverl.]</subfield>
      <subfield code="c">[um 1695]</subfield>
    </datafield>
    <datafield tag="300" ind1=" " ind2=" ">
      <subfield code="a">1 Kt.</subfield>
      <subfield code="b">unkolor.</subfield>
      <subfield code="c">21 x 13 cm</subfield>
    </datafield>
    <datafield tag="337" ind1=" " ind2=" ">
      <subfield code="a">Karte</subfield>
    </datafield>
    <datafield tag="500" ind1=" " ind2=" ">
      <subfield code="a">Ohne Maßstab. - Titelkartusche oben links. - Ohne Relief. - Vermutlich aus: Fer, Nicolas de: Les Forces De L'Europe, Ou Description Des Principales Villes</subfield>
    </datafield>
    <datafield tag="520" ind1="3" ind2="#">
      <subfield code="a">Stadtplan von Nizza mit Befestigungen</subfield>
    </datafield>
    <datafield tag="650" ind1=" " ind2="4">
      <subfield code="a">Altkarte</subfield>
    </datafield>
    <datafield tag="650" ind1=" " ind2="4">
      <subfield code="a">Stadtplan</subfield>
    </datafield>
    <datafield tag="651" ind1=" " ind2="4">
      <subfield code="a">Frankreich</subfield>
    </datafield>
    <datafield tag="651" ind1=" " ind2="4">
      <subfield code="a">Nice (Nizza)</subfield>
    </datafield>
    <datafield tag="653" ind1="1" ind2=" ">
      <subfield code="a">Burg/Festung</subfield>
    </datafield>
    <datafield tag="700" ind1="2" ind2=" ">
      <subfield code="a">Fer, Nicolas de</subfield>
    </datafield>
    <datafield tag="841" ind1=" " ind2=" ">
      <subfield code="a">em__</subfield>
      <subfield code="b">1695</subfield>
      <subfield code="c">3</subfield>
    </datafield>
    <datafield tag="852" ind1=" " ind2=" ">
      <subfield code="a">DE-185</subfield>
      <subfield code="c">Historische Abteilung</subfield>
      <subfield code="m">HK 0081/III</subfield>
      <subfield code="t">179086001</subfield>
    </datafield>
    <datafield tag="856" ind1=" " ind2=" ">
      <subfield code="a">https://ifl.wissensbank.com/fastlink.html?search=179086000</subfield>
      <subfield code="3">permalink</subfield>
    </datafield>
    <datafield tag="856" ind1=" " ind2=" ">
      <subfield code="a">https://ifl.wissensbank.com/cgi-bin/starfetch.exe?0W93dILmbk25BOekvCpPtCz0AZk1bLsJ6auEVciGUohxI9SGgwwkpH.qyAR0SLPOKiXxAMl9GiwA2yfoyqJ3KUQDsnFGA7QeI5vz1EZZ7H7ypo6bvl1IU@Jr@cUhv47SyzhQxa5rlEO499iEPzrtVQ/HK81.jpg</subfield>
      <subfield code="3">file</subfield>
    </datafield>
  </record>