
  <record>
    <leader>01250nem  22002893  4500</leader>
    <controlfield tag="001">179091000</controlfield>
    <controlfield tag="003">DE-185</controlfield>
    <controlfield tag="007">ta</controlfield>
    <controlfield tag="008">1691                             i|fre</controlfield>
    <datafield tag="041" ind1=" " ind2=" ">
      <subfield code="a">fre</subfield>
    </datafield>
    <datafield tag="084" ind1=" " ind2=" ">
      <subfield code="a">RA06.03 Italien</subfield>
    </datafield>
    <datafield tag="245" ind1="1" ind2="0">
      <subfield code="a">Verue</subfield>
      <subfield code="b">Ville forte d'Italie, et des Estats du Duc de Savoye Située Sur la Riviere du Po a 44. Degrez 50. Minut. de Latitude et 29. Degrez 45. Minut. de Longitude, a presque egalle distancee de Turin et de Casal ; Avec Privil. du Roy</subfield>
      <subfield code="c">A Paris Chez N. de Fer Geographe de Monseigneur le Dauphin dans l'Isle du Palais, sur le Quay de l'Orloge á la Sphere Royalle. H. van Loon fecit</subfield>
    </datafield>
    <datafield tag="260" ind1=" " ind2=" ">
      <subfield code="a">Paris</subfield>
      <subfield code="b">[Selbstverl.]</subfield>
      <subfield code="c">[um 1691]</subfield>
    </datafield>
    <datafield tag="300" ind1=" " ind2=" ">
      <subfield code="a">3 Kt. auf 1 Bl.</subfield>
      <subfield code="b">unkolor.</subfield>
      <subfield code="c">26 x 19 cm</subfield>
    </datafield>
    <datafield tag="337" ind1=" " ind2=" ">
      <subfield code="a">Karte</subfield>
    </datafield>
    <datafield tag="500" ind1=" " ind2=" ">
      <subfield code="a">Maßstab in graph. Form (Toises). - Titelkartusche oben rechts. - Verfasserangabe oben links. - Ohne Relief. - Auch in: Fer, Nicolas de: Les Forces De L'Europe, Ou Description Des Principales Villes. - Enth.: Veüe du Chateau de Miolans en Svoye à deux Lieues au Nord-Est de Montmelian. Veüe de Verüe de Piemont Située prés de la Riviere du Po</subfield>
    </datafield>
    <datafield tag="520" ind1="3" ind2="#">
      <subfield code="a">Stadtplan von Verrua Savoia mit Befestigungen</subfield>
    </datafield>
    <datafield tag="650" ind1=" " ind2="4">
      <subfield code="a">Altkarte</subfield>
    </datafield>
    <datafield tag="650" ind1=" " ind2="4">
      <subfield code="a">Stadtplan</subfield>
    </datafield>
    <datafield tag="651" ind1=" " ind2="4">
      <subfield code="a">Italien</subfield>
    </datafield>
    <datafield tag="651" ind1=" " ind2="4">
      <subfield code="a">Verrua Savoia</subfield>
    </datafield>
    <datafield tag="653" ind1="1" ind2=" ">
      <subfield code="a">Burg/Festung</subfield>
    </datafield>
    <datafield tag="700" ind1="2" ind2=" ">
      <subfield code="a">Fer, Nicolas de</subfield>
    </datafield>
    <datafield tag="700" ind1="2" ind2=" ">
      <subfield code="a">Loon, Herman van</subfield>
    </datafield>
    <datafield tag="841" ind1=" " ind2=" ">
      <subfield code="a">em__</subfield>
      <subfield code="b">1691</subfield>
      <subfield code="c">3</subfield>
    </datafield>
    <datafield tag="852" ind1=" " ind2=" ">
      <subfield code="a">DE-185</subfield>
      <subfield code="c">Historische Abteilung</subfield>
      <subfield code="m">HK 0084</subfield>
      <subfield code="t">179091001</subfield>
    </datafield>
    <datafield tag="856" ind1=" " ind2=" ">
      <subfield code="a">https://ifl.wissensbank.com/fastlink.html?search=179091000</subfield>
      <subfield code="3">permalink</subfield>
    </datafield>
    <datafield tag="856" ind1=" " ind2=" ">
      <subfield code="a">https://ifl.wissensbank.com/cgi-bin/starfetch.exe?7hzaaj.JFaJRY6wVbdMV@8IaJpYfauCU3XXd9YAGIufWwAgCGpCY4L4aV8hSkI0bw@Y8O794OpPh@6bmeK1DAVkEjmHjtlefNAsicB4brRhD189RCBE6Ay6yzsnBTNPkKWKpd2y7R7Ch5BcMdzyuaw/HK84.jpg</subfield>
      <subfield code="3">file</subfield>
    </datafield>
  </record>