
  <record>
    <leader>01250nem  22002893  4500</leader>
    <controlfield tag="001">179092000</controlfield>
    <controlfield tag="003">DE-185</controlfield>
    <controlfield tag="007">ta</controlfield>
    <controlfield tag="008">1691                             i|fre</controlfield>
    <datafield tag="041" ind1=" " ind2=" ">
      <subfield code="a">fre</subfield>
    </datafield>
    <datafield tag="084" ind1=" " ind2=" ">
      <subfield code="a">RA06.03 Italien</subfield>
    </datafield>
    <datafield tag="245" ind1="1" ind2="0">
      <subfield code="a">Veüe de Verüe Ville de Piemont Située prés de la Riviere du Po</subfield>
      <subfield code="b">Avec Privil. du Roy</subfield>
      <subfield code="c">De Fer</subfield>
    </datafield>
    <datafield tag="260" ind1=" " ind2=" ">
      <subfield code="a">[Paris]</subfield>
      <subfield code="b">[Selbstverl.]</subfield>
      <subfield code="c">1691</subfield>
    </datafield>
    <datafield tag="300" ind1=" " ind2=" ">
      <subfield code="a">3 Kt. auf 1 Bl.</subfield>
      <subfield code="b">unkolor.</subfield>
      <subfield code="c">18 x 12 cm</subfield>
    </datafield>
    <datafield tag="337" ind1=" " ind2=" ">
      <subfield code="a">Karte</subfield>
    </datafield>
    <datafield tag="500" ind1=" " ind2=" ">
      <subfield code="a">Ohne Maßstab. - Titel oben. - Verfasserangabe unten links. - Ohne Relief. - Auch in: Fer, Nicolas de: Les Forces De L'Europe, Ou Description Des Principales Villes. - Enth.: Verue. Veüe Ville de Piemont Située prés de la Riviere du Po</subfield>
    </datafield>
    <datafield tag="520" ind1="3" ind2="#">
      <subfield code="a">Stadtansicht von Verrua Savoia</subfield>
    </datafield>
    <datafield tag="650" ind1=" " ind2="4">
      <subfield code="a">Altkarte</subfield>
    </datafield>
    <datafield tag="651" ind1=" " ind2="4">
      <subfield code="a">Italien</subfield>
    </datafield>
    <datafield tag="651" ind1=" " ind2="4">
      <subfield code="a">Verrua Savoia</subfield>
    </datafield>
    <datafield tag="653" ind1="1" ind2=" ">
      <subfield code="a">Historische Stadtansichten</subfield>
    </datafield>
    <datafield tag="700" ind1="2" ind2=" ">
      <subfield code="a">Fer, Nicolas de</subfield>
    </datafield>
    <datafield tag="841" ind1=" " ind2=" ">
      <subfield code="a">em__</subfield>
      <subfield code="b">1691</subfield>
      <subfield code="c">3</subfield>
    </datafield>
    <datafield tag="852" ind1=" " ind2=" ">
      <subfield code="a">DE-185</subfield>
      <subfield code="c">Historische Abteilung</subfield>
      <subfield code="m">HK 0084</subfield>
      <subfield code="t">179092001</subfield>
    </datafield>
    <datafield tag="856" ind1=" " ind2=" ">
      <subfield code="a">https://ifl.wissensbank.com/fastlink.html?search=179092000</subfield>
      <subfield code="3">permalink</subfield>
    </datafield>
    <datafield tag="856" ind1=" " ind2=" ">
      <subfield code="a">https://ifl.wissensbank.com/cgi-bin/starfetch.exe?bxrqqdX49ECjnwuyhvU2jBMG9VzytADmhrP2Cxxxex2h.Bn6IDu@gh5AM2NJtFwZsrG8HOQYPjyFLQbbv7Qfk7gHmJN.@iOcSC86rETQQjmvZWlFDlWGMtjIQwbG0UVHqwNqYcDNlKbmMLB7GZVvCA/HK84.jpg</subfield>
      <subfield code="3">file</subfield>
    </datafield>
  </record>