
  <record>
    <leader>01250nem  22002893  4500</leader>
    <controlfield tag="001">179094000</controlfield>
    <controlfield tag="003">DE-185</controlfield>
    <controlfield tag="007">ta</controlfield>
    <controlfield tag="008">1691                             i|fre</controlfield>
    <datafield tag="041" ind1=" " ind2=" ">
      <subfield code="a">fre</subfield>
    </datafield>
    <datafield tag="084" ind1=" " ind2=" ">
      <subfield code="a">RA06.03 Italien</subfield>
    </datafield>
    <datafield tag="225" ind1=" " ind2=" ">
      <subfield code="c">E 7°32'03"-E 7°33'40"/N 44°23'51"-N 44°23'16"</subfield>
    </datafield>
    <datafield tag="245" ind1="1" ind2="0">
      <subfield code="a">Coni ou Cuneo</subfield>
      <subfield code="b">Ville de Piemont, Située Presque au conflans des Rivieres de Gesse et Sture, a 44. degrez de Latitude et 29. degrez 30. minutes de Longitude ; Avec Privilege du Roy</subfield>
      <subfield code="c">A Paris chez le S[ieu]r de Fer, dans l'Isle du Palais, sur le Quay de l'Orloge á la Sphere Royale</subfield>
    </datafield>
    <datafield tag="260" ind1=" " ind2=" ">
      <subfield code="a">Paris</subfield>
      <subfield code="b">[Selbstverl.]</subfield>
      <subfield code="c">1691</subfield>
    </datafield>
    <datafield tag="300" ind1=" " ind2=" ">
      <subfield code="a">2 Kt. auf 1 Bl.</subfield>
      <subfield code="b">unkolor.</subfield>
      <subfield code="c">28 x 21 cm</subfield>
    </datafield>
    <datafield tag="337" ind1=" " ind2=" ">
      <subfield code="a">Karte</subfield>
    </datafield>
    <datafield tag="500" ind1=" " ind2=" ">
      <subfield code="a">S oben. - Maßstab in graph. Form (Toises). - Titelkartusche links Mitte. - Ohne Relief. - Auch in: Fer, Nicolas de: Les Forces De L'Europe, Ou Description Des Principales Villes. - Enth.: Pignerol</subfield>
    </datafield>
    <datafield tag="520" ind1="3" ind2="#">
      <subfield code="a">Stadtplan von Cuneo mit Befestigungen</subfield>
    </datafield>
    <datafield tag="650" ind1=" " ind2="4">
      <subfield code="a">Altkarte</subfield>
    </datafield>
    <datafield tag="650" ind1=" " ind2="4">
      <subfield code="a">Stadtplan</subfield>
    </datafield>
    <datafield tag="651" ind1=" " ind2="4">
      <subfield code="a">Italien</subfield>
    </datafield>
    <datafield tag="651" ind1=" " ind2="4">
      <subfield code="a">Cuneo</subfield>
    </datafield>
    <datafield tag="653" ind1="1" ind2=" ">
      <subfield code="a">Burg/Festung</subfield>
    </datafield>
    <datafield tag="700" ind1="2" ind2=" ">
      <subfield code="a">Fer, Nicolas de</subfield>
    </datafield>
    <datafield tag="841" ind1=" " ind2=" ">
      <subfield code="a">em__</subfield>
      <subfield code="b">1691</subfield>
      <subfield code="c">3</subfield>
    </datafield>
    <datafield tag="852" ind1=" " ind2=" ">
      <subfield code="a">DE-185</subfield>
      <subfield code="c">Historische Abteilung</subfield>
      <subfield code="m">HK 0085</subfield>
      <subfield code="t">179094001</subfield>
    </datafield>
    <datafield tag="856" ind1=" " ind2=" ">
      <subfield code="a">https://ifl.wissensbank.com/fastlink.html?search=179094000</subfield>
      <subfield code="3">permalink</subfield>
    </datafield>
    <datafield tag="856" ind1=" " ind2=" ">
      <subfield code="a">https://ifl.wissensbank.com/cgi-bin/starfetch.exe?gHHuwB4w@.p0vVLUfUIRYQc9GoeTsZdnym2TLVohjtXV.3fWGM@eiVwrN8KXom1XzGpntbrXN@Nq@@lwVbCeYy0yM4PEIqmUb0CnpEw4b71a4R2sgkwtWo6tfCXWTwOQkiu7B49cu8O8vfbaiUPzJczMVFks9Peo/HK%200085.jpg</subfield>
      <subfield code="3">file</subfield>
    </datafield>
  </record>