
  <record>
    <leader>01250nem  22002893  4500</leader>
    <controlfield tag="001">179095000</controlfield>
    <controlfield tag="003">DE-185</controlfield>
    <controlfield tag="007">ta</controlfield>
    <controlfield tag="008">1695                             i|fre</controlfield>
    <datafield tag="041" ind1=" " ind2=" ">
      <subfield code="a">fre</subfield>
    </datafield>
    <datafield tag="084" ind1=" " ind2=" ">
      <subfield code="a">RA06.03 Italien</subfield>
    </datafield>
    <datafield tag="225" ind1=" " ind2=" ">
      <subfield code="c">E 7°19'29"-E 7°20'11"/N 44°53'16"-N 44°52'51"</subfield>
    </datafield>
    <datafield tag="245" ind1="1" ind2="0">
      <subfield code="a">Pignerol</subfield>
      <subfield code="b">Ville Forte d'Italie en Piemont située sur une Montagne de la Vallée de Perouse, a 44. Degrez 30. Min. de Latitude et 29. Degr. 5. Min. de Longitude ; acquise par le Roy sur le Duc de Savoye, en 1630 ; cette Place est a 5. Lieües de Turin au Sud-Ouest ; avec Privil. du Roy</subfield>
      <subfield code="c">A Paris Chez N. de Fer Geographe de Monseigneur le Dauphin dans l'Isle du Palais sur le Quay de l'Orloge, á la Sphere Royalle. H. van Loon fecit</subfield>
    </datafield>
    <datafield tag="260" ind1=" " ind2=" ">
      <subfield code="a">Paris</subfield>
      <subfield code="b">[Selbstverl.]</subfield>
      <subfield code="c">[um 1695]</subfield>
    </datafield>
    <datafield tag="300" ind1=" " ind2=" ">
      <subfield code="a">2 Kt. auf 1 Bl.</subfield>
      <subfield code="b">unkolor.</subfield>
      <subfield code="c">26 x 19 cm</subfield>
    </datafield>
    <datafield tag="337" ind1=" " ind2=" ">
      <subfield code="a">Karte</subfield>
    </datafield>
    <datafield tag="500" ind1=" " ind2=" ">
      <subfield code="a">Maßstab in graph. Form (Thoisez). - Titelkartusche unten links. - Verfasserangabe unten rechts. - Ohne Relief. - Auch in: Fer, Nicolas de: Les Forces De L'Europe, Ou Description Des Principales Villes. - Enth.: Coni ou Cuneo</subfield>
    </datafield>
    <datafield tag="520" ind1="3" ind2="#">
      <subfield code="a">Stadtplan von Pinerolo mit Befestigungen</subfield>
    </datafield>
    <datafield tag="650" ind1=" " ind2="4">
      <subfield code="a">Altkarte</subfield>
    </datafield>
    <datafield tag="650" ind1=" " ind2="4">
      <subfield code="a">Stadtplan</subfield>
    </datafield>
    <datafield tag="651" ind1=" " ind2="4">
      <subfield code="a">Italien</subfield>
    </datafield>
    <datafield tag="651" ind1=" " ind2="4">
      <subfield code="a">Pinerolo</subfield>
    </datafield>
    <datafield tag="653" ind1="1" ind2=" ">
      <subfield code="a">Burg/Festung</subfield>
    </datafield>
    <datafield tag="700" ind1="2" ind2=" ">
      <subfield code="a">Fer, Nicolas de</subfield>
    </datafield>
    <datafield tag="700" ind1="2" ind2=" ">
      <subfield code="a">Loon, Herman van</subfield>
    </datafield>
    <datafield tag="841" ind1=" " ind2=" ">
      <subfield code="a">em__</subfield>
      <subfield code="b">1695</subfield>
      <subfield code="c">3</subfield>
    </datafield>
    <datafield tag="852" ind1=" " ind2=" ">
      <subfield code="a">DE-185</subfield>
      <subfield code="c">Historische Abteilung</subfield>
      <subfield code="m">HK 0085</subfield>
      <subfield code="t">179095001</subfield>
    </datafield>
    <datafield tag="856" ind1=" " ind2=" ">
      <subfield code="a">https://ifl.wissensbank.com/fastlink.html?search=179095000</subfield>
      <subfield code="3">permalink</subfield>
    </datafield>
    <datafield tag="856" ind1=" " ind2=" ">
      <subfield code="a">https://ifl.wissensbank.com/cgi-bin/starfetch.exe?c7JiNQ7Ut7Yf1uMtqPyTPpcaFkSvbDQynebSN7AQlKnCXTN6K9pLVQClBsUSMcnGMg25.uYGqHfbb0ptNxK9REmPYs3O5BWpVD8hPZAl15KMo6s1rcbc2SC4dTHO8rAHlloMAhQeu60qlQHa52QfP3X1tJKBeyRa/HK%200085.jpg</subfield>
      <subfield code="3">file</subfield>
    </datafield>
  </record>