
  <record>
    <leader>01250nem  22002893  4500</leader>
    <controlfield tag="001">179097000</controlfield>
    <controlfield tag="003">DE-185</controlfield>
    <controlfield tag="007">ta</controlfield>
    <controlfield tag="008">1784                             i|ger</controlfield>
    <datafield tag="041" ind1=" " ind2=" ">
      <subfield code="a">ger</subfield>
      <subfield code="a">dut</subfield>
    </datafield>
    <datafield tag="084" ind1=" " ind2=" ">
      <subfield code="a">RD03.23 Suriname</subfield>
    </datafield>
    <datafield tag="225" ind1=" " ind2=" ">
      <subfield code="c">W 55°20'00"-W 54°21'00"/N 6°09'00"-N 4°35'00"</subfield>
    </datafield>
    <datafield tag="245" ind1="1" ind2="0">
      <subfield code="a">Karte von Suriname</subfield>
      <subfield code="c">C. F. Gürsch sc[ulpsit]</subfield>
    </datafield>
    <datafield tag="260" ind1=" " ind2=" ">
      <subfield code="a">s.l. [Berlin]</subfield>
      <subfield code="b">[Johann F. Unger]</subfield>
      <subfield code="c">s.a. [1784]</subfield>
    </datafield>
    <datafield tag="300" ind1=" " ind2=" ">
      <subfield code="a">1 Kt.</subfield>
      <subfield code="b">unkolor.</subfield>
      <subfield code="c">38 x 19 cm</subfield>
    </datafield>
    <datafield tag="337" ind1=" " ind2=" ">
      <subfield code="a">Karte</subfield>
    </datafield>
    <datafield tag="500" ind1=" " ind2=" ">
      <subfield code="a">O oben. - Maßstab in graph. Form (deutsche Meilen). - Titel unten. - Erl. zu Posten oben rechts. - Ohne Relief. - KT. gehört zu d. Werk: Hartsinck, Jan J.: Beschreibung von Guiana oder der wilden Küste Südamerika, Bd. 1</subfield>
    </datafield>
    <datafield tag="520" ind1="3" ind2="#">
      <subfield code="a">Surinam (wahrscheinlich Flur- bzw. Vermessungsplan von Einzelarealen deutscher Siedler) mit Posten etc.</subfield>
    </datafield>
    <datafield tag="650" ind1=" " ind2="4">
      <subfield code="a">Altkarte</subfield>
    </datafield>
    <datafield tag="651" ind1=" " ind2="4">
      <subfield code="a">Suriname</subfield>
    </datafield>
    <datafield tag="700" ind1="2" ind2=" ">
      <subfield code="a">Gürsch, Carl Friedrich</subfield>
    </datafield>
    <datafield tag="700" ind1="2" ind2=" ">
      <subfield code="a">Unger, Johann Friedrich</subfield>
    </datafield>
    <datafield tag="841" ind1=" " ind2=" ">
      <subfield code="a">em__</subfield>
      <subfield code="b">1784</subfield>
      <subfield code="c">3</subfield>
    </datafield>
    <datafield tag="852" ind1=" " ind2=" ">
      <subfield code="a">DE-185</subfield>
      <subfield code="c">Historische Abteilung</subfield>
      <subfield code="m">HK 0094</subfield>
      <subfield code="t">179097001</subfield>
    </datafield>
    <datafield tag="856" ind1=" " ind2=" ">
      <subfield code="a">https://ifl.wissensbank.com/fastlink.html?search=179097000</subfield>
      <subfield code="3">permalink</subfield>
    </datafield>
    <datafield tag="856" ind1=" " ind2=" ">
      <subfield code="a">https://ifl.wissensbank.com/cgi-bin/starfetch.exe?nZs2K@jrgKYpZgHQWyINQNh7itIIuhXiR9poyZqC5I5IzhrtYeEU2nMFICHvMo3JOaJrIjr5pDtDoob..jLGgZwH90CVcMcma@lV6JyRf19Q31iMN8kyiQmq8Tr.AoTFgKdJu71Ij4hf6eahrjgfJg/HK94.jpg</subfield>
      <subfield code="3">file</subfield>
    </datafield>
  </record>