
  <record>
    <leader>01250nem  22002893  4500</leader>
    <controlfield tag="001">179098000</controlfield>
    <controlfield tag="003">DE-185</controlfield>
    <controlfield tag="007">ta</controlfield>
    <controlfield tag="008">1679                             i|</controlfield>
    <datafield tag="084" ind1=" " ind2=" ">
      <subfield code="a">RD04 Südamerika</subfield>
    </datafield>
    <datafield tag="225" ind1=" " ind2=" ">
      <subfield code="c">W 106°39'00"-W 4°28'00"/N 15°22'00"-S 53°37'00"</subfield>
    </datafield>
    <datafield tag="245" ind1="1" ind2="0">
      <subfield code="a">America Meridonalis</subfield>
      <subfield code="c">Per N. Sanson</subfield>
    </datafield>
    <datafield tag="260" ind1=" " ind2=" ">
      <subfield code="a">[Frankfurt am Main]</subfield>
      <subfield code="b">Johann David Zunner</subfield>
      <subfield code="c">[1679]</subfield>
    </datafield>
    <datafield tag="300" ind1=" " ind2=" ">
      <subfield code="a">1 Kt.</subfield>
      <subfield code="b">unkolor.</subfield>
      <subfield code="c">27 x 19 cm</subfield>
    </datafield>
    <datafield tag="337" ind1=" " ind2=" ">
      <subfield code="a">Karte</subfield>
    </datafield>
    <datafield tag="500" ind1=" " ind2=" ">
      <subfield code="a">Ohne Maßstab. - Titelkartusche unten rechts. - Relief angedeutet. - Vermutlich aus: Sanson D'Abbeville: Die gantze Erd-Kugel/ Bestehend In den vier bekannten Theilen der Welt/ Als Europa, Asia, Africa und America</subfield>
    </datafield>
    <datafield tag="520" ind1="3" ind2="#">
      <subfield code="a">fehlerhafte Karte von Südamerika</subfield>
    </datafield>
    <datafield tag="650" ind1=" " ind2="4">
      <subfield code="a">Altkarte</subfield>
    </datafield>
    <datafield tag="651" ind1=" " ind2="4">
      <subfield code="a">Südamerika</subfield>
    </datafield>
    <datafield tag="700" ind1="2" ind2=" ">
      <subfield code="a">Sanson, Nicolas (der Ältere)</subfield>
    </datafield>
    <datafield tag="700" ind1="2" ind2=" ">
      <subfield code="a">Zunner, Johann David</subfield>
    </datafield>
    <datafield tag="841" ind1=" " ind2=" ">
      <subfield code="a">em__</subfield>
      <subfield code="b">1679</subfield>
      <subfield code="c">3</subfield>
    </datafield>
    <datafield tag="852" ind1=" " ind2=" ">
      <subfield code="a">DE-185</subfield>
      <subfield code="c">Historische Abteilung</subfield>
      <subfield code="m">HK 0095</subfield>
      <subfield code="t">179098001</subfield>
    </datafield>
    <datafield tag="856" ind1=" " ind2=" ">
      <subfield code="a">https://ifl.wissensbank.com/fastlink.html?search=179098000</subfield>
      <subfield code="3">permalink</subfield>
    </datafield>
    <datafield tag="856" ind1=" " ind2=" ">
      <subfield code="a">https://ifl.wissensbank.com/cgi-bin/starfetch.exe?pF1HA1xD5VVg@zXFbfgQgzvafoeRA3SDGJXjT0Y8DeirC2HKXdso7.22MBKzs4DzvO3phx8KqCvq8UvFpccFp@b.YUk52XMfNsj@OK3ChG@wQyJKPSAZQ0k.OwRxnxCH74VvPQ4j5pw30gBmpc@X0A/HK95.jpg</subfield>
      <subfield code="3">file</subfield>
    </datafield>
  </record>