
  <record>
    <leader>01250nem  22002893  4500</leader>
    <controlfield tag="001">179100000</controlfield>
    <controlfield tag="003">DE-185</controlfield>
    <controlfield tag="007">ta</controlfield>
    <controlfield tag="008">1730                             i|</controlfield>
    <datafield tag="084" ind1=" " ind2=" ">
      <subfield code="a">RB Amerika (insgesamt)</subfield>
    </datafield>
    <datafield tag="225" ind1=" " ind2=" ">
      <subfield code="c">W 130°25'00"-W 33°34'00"/N 68°02'00"-S 56°18'00"</subfield>
    </datafield>
    <datafield tag="245" ind1="1" ind2="0">
      <subfield code="a">America cum Supplementis Poly-Glottis</subfield>
      <subfield code="c">Opera Godofr. Henselii delineata. S. Dorn sc[ulpsit]. Excusa prostat in Officina Homania</subfield>
    </datafield>
    <datafield tag="260" ind1=" " ind2=" ">
      <subfield code="a">[Nürnberg]</subfield>
      <subfield code="b">Officina Homanniana</subfield>
      <subfield code="c">[um 1730]</subfield>
    </datafield>
    <datafield tag="300" ind1=" " ind2=" ">
      <subfield code="a">1 Kt.</subfield>
      <subfield code="b">flächenkolor.</subfield>
      <subfield code="c">19 x 15 cm</subfield>
    </datafield>
    <datafield tag="337" ind1=" " ind2=" ">
      <subfield code="a">Karte</subfield>
    </datafield>
    <datafield tag="500" ind1=" " ind2=" ">
      <subfield code="a">Titelkartusche unten links. - Zählung oben rechts: 4. - 2 Schrifttafeln: Characteres Zundici S. Antiquae Linguae Persicae &amp; Elementa Linguae Brachmanniae. - Relief angedeutet</subfield>
    </datafield>
    <datafield tag="520" ind1="3" ind2="#">
      <subfield code="a">grobe Karte von Nord- und Südamerika</subfield>
    </datafield>
    <datafield tag="650" ind1=" " ind2="4">
      <subfield code="a">Altkarte</subfield>
    </datafield>
    <datafield tag="651" ind1=" " ind2="4">
      <subfield code="a">Amerika</subfield>
    </datafield>
    <datafield tag="700" ind1="2" ind2=" ">
      <subfield code="a">Hensel, Gottfried</subfield>
    </datafield>
    <datafield tag="700" ind1="2" ind2=" ">
      <subfield code="a">Dorn, Sebastian</subfield>
    </datafield>
    <datafield tag="841" ind1=" " ind2=" ">
      <subfield code="a">em__</subfield>
      <subfield code="b">1730</subfield>
      <subfield code="c">3</subfield>
    </datafield>
    <datafield tag="852" ind1=" " ind2=" ">
      <subfield code="a">DE-185</subfield>
      <subfield code="c">Historische Abteilung</subfield>
      <subfield code="m">HK 0097</subfield>
      <subfield code="t">179100001</subfield>
    </datafield>
    <datafield tag="856" ind1=" " ind2=" ">
      <subfield code="a">https://ifl.wissensbank.com/fastlink.html?search=179100000</subfield>
      <subfield code="3">permalink</subfield>
    </datafield>
    <datafield tag="856" ind1=" " ind2=" ">
      <subfield code="a">https://ifl.wissensbank.com/cgi-bin/starfetch.exe?2CRvzQmVi7da0n@UvVaH@mjZ4AQAyyWN2jUcP9e0Rh.33ZQ8YkrErGnvCjWNZyZiNhQdie4BLapV17e9f98.vxUvehq12jS8NzuAfnJSPgYxGBdGWiCxpVVlY.nrLVxweT853LxuFAqTujSg52pG3w/HK97.jpg</subfield>
      <subfield code="3">file</subfield>
    </datafield>
  </record>