
  <record>
    <leader>01250nem  22002893  4500</leader>
    <controlfield tag="001">179101000</controlfield>
    <controlfield tag="003">DE-185</controlfield>
    <controlfield tag="007">ta</controlfield>
    <controlfield tag="008">1780                             i|fre</controlfield>
    <datafield tag="041" ind1=" " ind2=" ">
      <subfield code="a">fre</subfield>
    </datafield>
    <datafield tag="084" ind1=" " ind2=" ">
      <subfield code="a">RA06.05 Griechenland</subfield>
    </datafield>
    <datafield tag="225" ind1=" " ind2=" ">
      <subfield code="c">E 21°37'32"-E 21°38'08"/N 37°38'25"-N 37°37'56"</subfield>
    </datafield>
    <datafield tag="245" ind1="1" ind2="0">
      <subfield code="a">Essai Sur La Topographie D'Olympie</subfield>
      <subfield code="b">dressé uniqument sur le rapport des Auteurs Anciens, Pour le Voyage du Jeune Anacharsis</subfield>
      <subfield code="c">Par M. Barbié Du Bocage</subfield>
    </datafield>
    <datafield tag="260" ind1=" " ind2=" ">
      <subfield code="a">[Paris]</subfield>
      <subfield code="c">1780</subfield>
    </datafield>
    <datafield tag="300" ind1=" " ind2=" ">
      <subfield code="a">1 Kt.</subfield>
      <subfield code="b">unkolor.</subfield>
      <subfield code="c">28 x 18 cm</subfield>
    </datafield>
    <datafield tag="337" ind1=" " ind2=" ">
      <subfield code="a">Karte</subfield>
    </datafield>
    <datafield tag="500" ind1=" " ind2=" ">
      <subfield code="a">Vermutlich aus: Barthèlemy, Jean J.: Recueil De Cartes Géographiques, Plans, Vues Et Médailles De L'Ancienne Grèce, Relatifs Au Voyage Du Jeune Anacharsis. - Maßstab in graph. Form (Stades Olympiques, Toises de France). - Titel inmitten des Kartenbildes. - Zählung oben links: Voyage, Chap XXXVIII &amp; unten rechts: Nr. 18. - Relief: plastisch</subfield>
    </datafield>
    <datafield tag="520" ind1="3" ind2="#">
      <subfield code="a">Lageplan der antiken Gebäude auf dem Olymp mit Wäldern</subfield>
    </datafield>
    <datafield tag="650" ind1=" " ind2="4">
      <subfield code="a">Altkarte</subfield>
    </datafield>
    <datafield tag="650" ind1=" " ind2="4">
      <subfield code="a">Berg</subfield>
    </datafield>
    <datafield tag="651" ind1=" " ind2="4">
      <subfield code="a">Griechenland</subfield>
    </datafield>
    <datafield tag="651" ind1=" " ind2="4">
      <subfield code="a">Olympos (Olymp)</subfield>
    </datafield>
    <datafield tag="653" ind1="1" ind2=" ">
      <subfield code="a">Archäologie</subfield>
    </datafield>
    <datafield tag="700" ind1="2" ind2=" ">
      <subfield code="a">Barbié DuBocage, Jean Denis</subfield>
    </datafield>
    <datafield tag="841" ind1=" " ind2=" ">
      <subfield code="a">em__</subfield>
      <subfield code="b">1780</subfield>
      <subfield code="c">3</subfield>
    </datafield>
    <datafield tag="852" ind1=" " ind2=" ">
      <subfield code="a">DE-185</subfield>
      <subfield code="c">Historische Abteilung</subfield>
      <subfield code="m">HK 0098</subfield>
      <subfield code="t">179101001</subfield>
    </datafield>
    <datafield tag="856" ind1=" " ind2=" ">
      <subfield code="a">https://ifl.wissensbank.com/fastlink.html?search=179101000</subfield>
      <subfield code="3">permalink</subfield>
    </datafield>
    <datafield tag="856" ind1=" " ind2=" ">
      <subfield code="a">https://ifl.wissensbank.com/cgi-bin/starfetch.exe?wGd2Db6fuWXkfWIxJzKhGhA38kdhNCErn.0rv@u6M4kyH7KTv1EGwq1ZdR5bVjq4m@DpawkWaaEwkcgUO.pi@e2wzIUBaZ3BTWADtkbo@RoYg@I0rOQHo3CHhEZ4piO@BZ7R4CS7Uni4WkR8OIFfyQ/HK98.jpg</subfield>
      <subfield code="3">file</subfield>
    </datafield>
  </record>