
  <record>
    <leader>01250nem  22002893  4500</leader>
    <controlfield tag="001">179104000</controlfield>
    <controlfield tag="003">DE-185</controlfield>
    <controlfield tag="007">ta</controlfield>
    <controlfield tag="008">1841                             i|ger</controlfield>
    <datafield tag="041" ind1=" " ind2=" ">
      <subfield code="a">ger</subfield>
    </datafield>
    <datafield tag="084" ind1=" " ind2=" ">
      <subfield code="a">RA05.01 Deutschland</subfield>
    </datafield>
    <datafield tag="225" ind1=" " ind2=" ">
      <subfield code="c">E 12°08'00"-E 13°33'00"/N 51°29'00"-N 50°51'00"</subfield>
    </datafield>
    <datafield tag="245" ind1="1" ind2="0">
      <subfield code="a">Der Leipziger Kreis</subfield>
      <subfield code="b">Oder Kreisdirection mit 4 Amtshauptmannschaften</subfield>
      <subfield code="c">gezeichnet von M[onsieur] Riedig. H. Leutemann sc[ulpsit]. Bei Schreibers Erben</subfield>
    </datafield>
    <datafield tag="260" ind1=" " ind2=" ">
      <subfield code="a">Leipzig</subfield>
      <subfield code="b">Schreibers Erben</subfield>
      <subfield code="c">1841</subfield>
    </datafield>
    <datafield tag="300" ind1=" " ind2=" ">
      <subfield code="a">1 Kt.</subfield>
      <subfield code="b">Grenzen kolor.</subfield>
      <subfield code="c">35 x 27 cm</subfield>
    </datafield>
    <datafield tag="337" ind1=" " ind2=" ">
      <subfield code="a">Karte</subfield>
    </datafield>
    <datafield tag="500" ind1=" " ind2=" ">
      <subfield code="a">Maßstab in graph. Form (Deutsche Meilen). - Nullmeridian: Ferro. - Titel oben rechts. - Mit Zählung der Ämter im Kt.-Feld. - Einwohnerzahlen unten rechts. - Ohne Relief</subfield>
    </datafield>
    <datafield tag="520" ind1="3" ind2="#">
      <subfield code="a">Verwaltungskarte des Leipziger Kreises</subfield>
    </datafield>
    <datafield tag="650" ind1=" " ind2="4">
      <subfield code="a">Altkarte</subfield>
    </datafield>
    <datafield tag="650" ind1=" " ind2="4">
      <subfield code="a">Verwaltungskarte</subfield>
    </datafield>
    <datafield tag="651" ind1=" " ind2="4">
      <subfield code="a">Sachsen</subfield>
    </datafield>
    <datafield tag="651" ind1=" " ind2="4">
      <subfield code="a">Leipzig (reg.)</subfield>
    </datafield>
    <datafield tag="700" ind1="2" ind2=" ">
      <subfield code="a">Riedig, Christian Gottlieb</subfield>
    </datafield>
    <datafield tag="700" ind1="2" ind2=" ">
      <subfield code="a">Leutemann, Heinrich</subfield>
    </datafield>
    <datafield tag="841" ind1=" " ind2=" ">
      <subfield code="a">em__</subfield>
      <subfield code="b">1841</subfield>
      <subfield code="c">3</subfield>
    </datafield>
    <datafield tag="852" ind1=" " ind2=" ">
      <subfield code="a">DE-185</subfield>
      <subfield code="c">Historische Abteilung</subfield>
      <subfield code="m">HK 0103</subfield>
      <subfield code="t">179104001</subfield>
    </datafield>
    <datafield tag="856" ind1=" " ind2=" ">
      <subfield code="a">https://ifl.wissensbank.com/fastlink.html?search=179104000</subfield>
      <subfield code="3">permalink</subfield>
    </datafield>
    <datafield tag="856" ind1=" " ind2=" ">
      <subfield code="a">https://ifl.wissensbank.com/cgi-bin/starfetch.exe?cBx40jP.KTneDf6Z0Y.l4.fXdUzV7RpL2f8QOqMoLnR2xWN7TvdFifueCTMYwC5DuP0WJO8fQy2fwmGG8MWYjP9wnRAo.Gb5zY8dF7ABgIRrhxpQUOpe..f4izZYiEDwNXd77tpq1W@3P7Ch0VMJXg/HK103.jpg</subfield>
      <subfield code="3">file</subfield>
    </datafield>
  </record>