
  <record>
    <leader>01250nem  22002893  4500</leader>
    <controlfield tag="001">179111000</controlfield>
    <controlfield tag="003">DE-185</controlfield>
    <controlfield tag="007">ta</controlfield>
    <controlfield tag="008">1684                             i|fre</controlfield>
    <datafield tag="041" ind1=" " ind2=" ">
      <subfield code="a">fre</subfield>
    </datafield>
    <datafield tag="084" ind1=" " ind2=" ">
      <subfield code="a">RB Amerika (insgesamt)</subfield>
    </datafield>
    <datafield tag="225" ind1=" " ind2=" ">
      <subfield code="c">E 179°01'00"-W 29°57'00"/N 85°00'00"-S 84°58'00"</subfield>
    </datafield>
    <datafield tag="245" ind1="1" ind2="0">
      <subfield code="a">Nouveau Continent</subfield>
      <subfield code="b">Avec plusieurs Isles et Mers</subfield>
    </datafield>
    <datafield tag="260" ind1=" " ind2=" ">
      <subfield code="a">[Frankfurt am Main]</subfield>
      <subfield code="b">[Johann David Zunner]</subfield>
      <subfield code="c">[1684]</subfield>
    </datafield>
    <datafield tag="300" ind1=" " ind2=" ">
      <subfield code="a">2 Kt. auf 1 Bl.</subfield>
      <subfield code="b">unkolor.</subfield>
      <subfield code="c">jeweils 10 x 14 cm</subfield>
    </datafield>
    <datafield tag="337" ind1=" " ind2=" ">
      <subfield code="a">Karte</subfield>
    </datafield>
    <datafield tag="500" ind1=" " ind2=" ">
      <subfield code="a">Ohne Maßstab. - Titel oben. - Kt. in Kreisform. - Nebent.: Das Neue Veste Land nebst vielen Inselen [und Mern] fig. 86. - Aus: Manesson-Mallet, Allain: [Beschreibung des gantzen Welt-Kreisses / 1] ; 86. - Ohne Relief. - Enth.: Nouveau Continent</subfield>
    </datafield>
    <datafield tag="520" ind1="3" ind2="#">
      <subfield code="a">Verzerrte Karte von Nord- und Südamerika</subfield>
    </datafield>
    <datafield tag="650" ind1=" " ind2="4">
      <subfield code="a">Altkarte</subfield>
    </datafield>
    <datafield tag="700" ind1="2" ind2=" ">
      <subfield code="a">Zunner, Johann David</subfield>
    </datafield>
    <datafield tag="841" ind1=" " ind2=" ">
      <subfield code="a">em__</subfield>
      <subfield code="b">1684</subfield>
      <subfield code="c">3</subfield>
    </datafield>
    <datafield tag="852" ind1=" " ind2=" ">
      <subfield code="a">DE-185</subfield>
      <subfield code="c">Historische Abteilung</subfield>
      <subfield code="m">HK 0101</subfield>
      <subfield code="t">179111001</subfield>
    </datafield>
    <datafield tag="856" ind1=" " ind2=" ">
      <subfield code="a">https://ifl.wissensbank.com/fastlink.html?search=179111000</subfield>
      <subfield code="3">permalink</subfield>
    </datafield>
    <datafield tag="856" ind1=" " ind2=" ">
      <subfield code="a">https://ifl.wissensbank.com/cgi-bin/starfetch.exe?UTqKBPAvSXhFpnD51nRjXVI96k.wDzMVMK5nCePeJUQ6KxcE26xYHX474RtbesxQfM1G1XN1XfhASjr62Q.8WDMOJZapM7BlvbOWL9ZYqmlfwbGKJSbwFaWLICsSlkzccAcw72500S49mDGUN8RffA/HK101.jpg</subfield>
      <subfield code="3">file</subfield>
    </datafield>
  </record>