
  <record>
    <leader>01250nem  22002893  4500</leader>
    <controlfield tag="001">179112000</controlfield>
    <controlfield tag="003">DE-185</controlfield>
    <controlfield tag="007">ta</controlfield>
    <controlfield tag="008">1815                             i|ger</controlfield>
    <datafield tag="041" ind1=" " ind2=" ">
      <subfield code="a">ger</subfield>
    </datafield>
    <datafield tag="084" ind1=" " ind2=" ">
      <subfield code="a">RA05.05 Historische deutsche Gebiete</subfield>
    </datafield>
    <datafield tag="225" ind1=" " ind2=" ">
      <subfield code="c">E 16°16'00"-E 17°40'00"/N 51°23'00"-N 50°48'00"</subfield>
    </datafield>
    <datafield tag="245" ind1="1" ind2="0">
      <subfield code="a">Das Fürstenthum Breslau, oder der Breslausche Und Neumarcktsche Kreis</subfield>
      <subfield code="b">Der zu eben diesen Fürstenthum gehörige Namslauer Kreis, hat seiner entfernten Lage wegen, hier nicht abgebildet werden können, und ist auf Nro. 18 vom Fürstehthum Brieg zu suchen ; Mit Königlich Baierscher allergnädigster Freyheit</subfield>
      <subfield code="c">Gezeichnet von I. W. Wieland. Und verbessert vom Ingen. Major M. von Schubarth. Jetzt aber umgearbeitet und vermehrt von D. F. Sotzmann. Bey Christoph Fembo</subfield>
    </datafield>
    <datafield tag="260" ind1=" " ind2=" ">
      <subfield code="a">Nürnberg</subfield>
      <subfield code="b">Christoph Fembo</subfield>
      <subfield code="c">[ca. 1815]</subfield>
    </datafield>
    <datafield tag="300" ind1=" " ind2=" ">
      <subfield code="a">1 Kt.</subfield>
      <subfield code="b">Grenzen kolor.</subfield>
      <subfield code="c">80 x 53 cm</subfield>
    </datafield>
    <datafield tag="337" ind1=" " ind2=" ">
      <subfield code="a">Karte</subfield>
    </datafield>
    <datafield tag="500" ind1=" " ind2=" ">
      <subfield code="a">Maßstab in graph. Form (Schlesische Meilen, Gemeine Deutsche od. geographische Meilen). - Nullmeridian: Ferro. - Titel oben rechts. - Zeichenerklärung unten rechts. - Ohne Relief</subfield>
    </datafield>
    <datafield tag="520" ind1="3" ind2="#">
      <subfield code="a">Verwaltungskarte des Fürstentums Breslau</subfield>
    </datafield>
    <datafield tag="650" ind1=" " ind2="4">
      <subfield code="a">Altkarte</subfield>
    </datafield>
    <datafield tag="650" ind1=" " ind2="4">
      <subfield code="a">Verwaltungskarte</subfield>
    </datafield>
    <datafield tag="651" ind1=" " ind2="4">
      <subfield code="a">Dolny Śląsk (Niederschlesien)</subfield>
    </datafield>
    <datafield tag="651" ind1=" " ind2="4">
      <subfield code="a">Wrocław (Breslau) (reg.)</subfield>
    </datafield>
    <datafield tag="651" ind1=" " ind2="4">
      <subfield code="a">Środa Śląska (Neumarkt in Niederschlesien)</subfield>
    </datafield>
    <datafield tag="651" ind1=" " ind2="4">
      <subfield code="a">Dolny Śląsk (Niederschlesien)</subfield>
    </datafield>
    <datafield tag="651" ind1=" " ind2="4">
      <subfield code="a">Wrocław (Breslau) (reg.)</subfield>
    </datafield>
    <datafield tag="651" ind1=" " ind2="4">
      <subfield code="a">Środa Śląska (Neumarkt in Niederschlesien)</subfield>
    </datafield>
    <datafield tag="700" ind1="2" ind2=" ">
      <subfield code="a">Wieland, Johann Wolfgang</subfield>
    </datafield>
    <datafield tag="700" ind1="2" ind2=" ">
      <subfield code="a">Schubarth, Matthäus von</subfield>
    </datafield>
    <datafield tag="700" ind1="2" ind2=" ">
      <subfield code="a">Sotzmann, Daniel Friedrich</subfield>
    </datafield>
    <datafield tag="700" ind1="2" ind2=" ">
      <subfield code="a">Fembo, Christoph</subfield>
    </datafield>
    <datafield tag="841" ind1=" " ind2=" ">
      <subfield code="a">em__</subfield>
      <subfield code="b">1815</subfield>
      <subfield code="c">3</subfield>
    </datafield>
    <datafield tag="852" ind1=" " ind2=" ">
      <subfield code="a">DE-185</subfield>
      <subfield code="c">Historische Abteilung</subfield>
      <subfield code="m">HK 0104</subfield>
      <subfield code="t">179112001</subfield>
    </datafield>
    <datafield tag="856" ind1=" " ind2=" ">
      <subfield code="a">https://ifl.wissensbank.com/fastlink.html?search=179112000</subfield>
      <subfield code="3">permalink</subfield>
    </datafield>
    <datafield tag="856" ind1=" " ind2=" ">
      <subfield code="a">https://ifl.wissensbank.com/cgi-bin/starfetch.exe?lvRFksR@DHHi91vHt1VQmwmbJRaXwhS2uFGgGaRlUyPu03u4ba3ZdGmhCMeCDZEcV6sb6G3aedIPq4vxHs@xqWXZMLgH6egDe5MlI0APmwPoZlx47V8td@dqMcV82B@V3u58VI8gTApI6EcC24LeAg/HK104.jpg</subfield>
      <subfield code="3">file</subfield>
    </datafield>
  </record>