
  <record>
    <leader>01250nem  22002893  4500</leader>
    <controlfield tag="001">179113000</controlfield>
    <controlfield tag="003">DE-185</controlfield>
    <controlfield tag="007">ta</controlfield>
    <controlfield tag="008">1810                             i|</controlfield>
    <datafield tag="084" ind1=" " ind2=" ">
      <subfield code="a">RA08 Südosteuropa</subfield>
    </datafield>
    <datafield tag="225" ind1=" " ind2=" ">
      <subfield code="c">E 14°21'00"-E 27°01'00"/N 49°37'00"-N 44°10'00"</subfield>
    </datafield>
    <datafield tag="245" ind1="1" ind2="0">
      <subfield code="a">Tabula Generalis Regni Hungariae, Croatiae et Slavoniae, nec non Magni Principatus Transylvaniae</subfield>
      <subfield code="b">Cospectum Mappae Generalis In IX. Sectiones Moduli Majoris Distributae Civitates, Oppida, Stationes et vias Postales singillatum accurateque Exhibens sexundum Geometricas partium dimensiones, recentissimasque observationes astronomicas</subfield>
      <subfield code="c">Elaborata per Joannem Lipszky de Szedlicsna Leg. Caes. Reg. Equestris Hung. Archiduc. Josephi Colonellum cum revisione Altissima approbationeque aeri incisa. Godofr. Prixner fec[it] situat. Franc Karacs sc[ulpsit] script. Excellentissimo ac Illustrissimo Comiti Georgio Festetits de Tolna, Camerario Caes. Reg. et Imtim. Status Consiliario, suo quondam Protribuno Moecenati et Fautori gratiosissimo dedicat Auctor</subfield>
    </datafield>
    <datafield tag="260" ind1=" " ind2=" ">
      <subfield code="a">Pesthini</subfield>
      <subfield code="c">1810</subfield>
    </datafield>
    <datafield tag="300" ind1=" " ind2=" ">
      <subfield code="a">1 Kt.</subfield>
      <subfield code="b">unkolor.</subfield>
      <subfield code="c">68 x 44 cm</subfield>
    </datafield>
    <datafield tag="337" ind1=" " ind2=" ">
      <subfield code="a">Karte</subfield>
    </datafield>
    <datafield tag="500" ind1=" " ind2=" ">
      <subfield code="a">Maßstab in graph. Form (Milliaria Germanica, Milliaria Hungarica, Milliaria Hungarica, Milliaria Italica). - Nullmeridian: Ferro. - Titelkartusche oben links. - Erl. oben rechts. - Mit 1 Verwaltungstabelle unten am Kt.-Rand. - Ersch. als Übersichtsbl. zur Kt.: Mappa Generalis Regni Hungariae partiumque adnexarum Croatiae, Slavoniae et Confiniorum Militarium Magni item Principatus Transylvaniae. - Ohne Relief</subfield>
    </datafield>
    <datafield tag="520" ind1="3" ind2="#">
      <subfield code="a">Verwaltungskarte von Ungarn, Kroatien, Slawonien und Siebenbürgen mit Postwegen</subfield>
    </datafield>
    <datafield tag="650" ind1=" " ind2="4">
      <subfield code="a">Altkarte</subfield>
    </datafield>
    <datafield tag="651" ind1=" " ind2="4">
      <subfield code="a">Siebenbürgen</subfield>
    </datafield>
    <datafield tag="651" ind1=" " ind2="4">
      <subfield code="a">Slawonien</subfield>
    </datafield>
    <datafield tag="651" ind1=" " ind2="4">
      <subfield code="a">Ungarn</subfield>
    </datafield>
    <datafield tag="651" ind1=" " ind2="4">
      <subfield code="a">Kroatien (bis 1991/92)</subfield>
    </datafield>
    <datafield tag="700" ind1="2" ind2=" ">
      <subfield code="a">Prixner, Gottfried</subfield>
    </datafield>
    <datafield tag="700" ind1="2" ind2=" ">
      <subfield code="a">Karacs, Ferenc</subfield>
    </datafield>
    <datafield tag="700" ind1="2" ind2=" ">
      <subfield code="a">Lipszky, Johann von</subfield>
    </datafield>
    <datafield tag="841" ind1=" " ind2=" ">
      <subfield code="a">em__</subfield>
      <subfield code="b">1810</subfield>
      <subfield code="c">3</subfield>
    </datafield>
    <datafield tag="852" ind1=" " ind2=" ">
      <subfield code="a">DE-185</subfield>
      <subfield code="c">Historische Abteilung</subfield>
      <subfield code="m">HK 0105</subfield>
      <subfield code="t">179113001</subfield>
    </datafield>
    <datafield tag="856" ind1=" " ind2=" ">
      <subfield code="a">https://ifl.wissensbank.com/fastlink.html?search=179113000</subfield>
      <subfield code="3">permalink</subfield>
    </datafield>
    <datafield tag="856" ind1=" " ind2=" ">
      <subfield code="a">https://ifl.wissensbank.com/cgi-bin/starfetch.exe?O5sBzqLHQiOaZYvZONEtYeWJ0fT.jb4yY0FAmtFAD8RvD.wPs4CW85vE4Yg3sCT0tlsJvwmw7GRFTJH@ENEbBzqzKxqgIoNelXt7Ee7Jmt5c6e6oat7WMeyKywHfSe1udwIvjXLrcs0CU5ED9n.vTg/HK105.jpg</subfield>
      <subfield code="3">file</subfield>
    </datafield>
  </record>