
  <record>
    <leader>01250nem  22002893  4500</leader>
    <controlfield tag="001">179115000</controlfield>
    <controlfield tag="003">DE-185</controlfield>
    <controlfield tag="007">ta</controlfield>
    <controlfield tag="008">1848                             i|ger</controlfield>
    <datafield tag="041" ind1=" " ind2=" ">
      <subfield code="a">ger</subfield>
    </datafield>
    <datafield tag="084" ind1=" " ind2=" ">
      <subfield code="a">RA07.21 Russische Föderation</subfield>
    </datafield>
    <datafield tag="084" ind1=" " ind2=" ">
      <subfield code="a">RA07.41 Kaukasische Staaten der ehemaligen UdSSR</subfield>
    </datafield>
    <datafield tag="225" ind1=" " ind2=" ">
      <subfield code="c">E 40°26'00"-E 65°47'00"/N 71°09'00"-N 53°58'00"</subfield>
    </datafield>
    <datafield tag="245" ind1="1" ind2="0">
      <subfield code="a">General Karte Vom Europäischen Russland und den kaukasischen Ländern</subfield>
      <subfield code="c">nach den neuesten und besten Quellen entworfen und gezeichnet von F. Handtke</subfield>
    </datafield>
    <datafield tag="260" ind1=" " ind2=" ">
      <subfield code="a">Glogau</subfield>
      <subfield code="b">Flemming</subfield>
      <subfield code="c">[um 1848]</subfield>
    </datafield>
    <datafield tag="300" ind1=" " ind2=" ">
      <subfield code="a">1 Kt. auf 4 Bl.</subfield>
      <subfield code="b">Grenzen kolor.</subfield>
      <subfield code="c">jeweils 31 x 37 cm</subfield>
    </datafield>
    <datafield tag="337" ind1=" " ind2=" ">
      <subfield code="a">Karte</subfield>
    </datafield>
    <datafield tag="500" ind1=" " ind2=" ">
      <subfield code="a">Maßstab in graph. Form (Deutsche M., Russ. W.). - Nullmeridian: Ferro u. Paris. - Titel oben links (HK 0109). - Zählung unten rechts bzw. oben links: Russland Nr. I, II und IV. - Russland Nr. III fehlt. - Mit Erl. und Höhenangaben unten rechts (HK 0107). Statistische Übersicht oben rechts (HK 0108). - Reihenfolge der Kt.: HK 0109, HK 0108, HK 0107. - Relief: Schraffen</subfield>
    </datafield>
    <datafield tag="520" ind1="3" ind2="#">
      <subfield code="a">Verwaltungskarte der nördlichen Kaukasusregion</subfield>
    </datafield>
    <datafield tag="650" ind1=" " ind2="4">
      <subfield code="a">Altkarte</subfield>
    </datafield>
    <datafield tag="650" ind1=" " ind2="4">
      <subfield code="a">Verwaltungskarte</subfield>
    </datafield>
    <datafield tag="651" ind1=" " ind2="4">
      <subfield code="a">Russland</subfield>
    </datafield>
    <datafield tag="651" ind1=" " ind2="4">
      <subfield code="a">Kaukasien</subfield>
    </datafield>
    <datafield tag="700" ind1="2" ind2=" ">
      <subfield code="a">Handtke, Friedrich</subfield>
    </datafield>
    <datafield tag="841" ind1=" " ind2=" ">
      <subfield code="a">em__</subfield>
      <subfield code="b">1848</subfield>
      <subfield code="c">3</subfield>
    </datafield>
    <datafield tag="852" ind1=" " ind2=" ">
      <subfield code="a">DE-185</subfield>
      <subfield code="c">Historische Abteilung</subfield>
      <subfield code="m">HK 0109</subfield>
      <subfield code="t">179115001</subfield>
    </datafield>
    <datafield tag="856" ind1=" " ind2=" ">
      <subfield code="a">https://ifl.wissensbank.com/fastlink.html?search=179115000</subfield>
      <subfield code="3">permalink</subfield>
    </datafield>
    <datafield tag="856" ind1=" " ind2=" ">
      <subfield code="a">https://ifl.wissensbank.com/cgi-bin/starfetch.exe?RmIrzmyBEOBllbyIWCeFwlkGEr415X.PSdyleqgoT0cA60omZLBWU8bhmDKwOlYmk3UEG6LRLh1VWf4.kxrH8@b70qHsr4K1DM6RdKO62TSX6V1Y0ZM3oB2hNgd4PSRN7Z1iN2jZBSmyktyFS5C2Yw/HK%200108.jpg</subfield>
      <subfield code="3">file</subfield>
    </datafield>
  </record>