
  <record>
    <leader>01250nem  22002893  4500</leader>
    <controlfield tag="001">179116000</controlfield>
    <controlfield tag="003">DE-185</controlfield>
    <controlfield tag="007">ta</controlfield>
    <controlfield tag="008">1758                             i|ger</controlfield>
    <datafield tag="041" ind1=" " ind2=" ">
      <subfield code="a">ger</subfield>
    </datafield>
    <datafield tag="084" ind1=" " ind2=" ">
      <subfield code="a">RA05.01 Deutschland</subfield>
    </datafield>
    <datafield tag="225" ind1=" " ind2=" ">
      <subfield code="c">E 11°43'11"-E 12°34'55"/N 50°40'23"-N 50°09'35"</subfield>
    </datafield>
    <datafield tag="245" ind1="1" ind2="0">
      <subfield code="a">Accurate Geogr. Delineation Des Zu Dem Churfürstenth. Sachsen Gehörigen Voigtlaendischen Creisses Und Derer Darinnen Befindlichen Aemmter Plauen Pausa U. Voigtsberg Ingleichen Der Reichsfreyen Zettwitzischen Herrschaft Ascha Nebst Anderen Angrenzenden Gegenden</subfield>
      <subfield code="b">Mit Königl. U. Churf. Saechs. Privilegio</subfield>
      <subfield code="c">Tob. Conr. Lotter. Sculps. Aug. Vindel. Bey Petr. Schenk</subfield>
    </datafield>
    <datafield tag="260" ind1=" " ind2=" ">
      <subfield code="a">Amsterdam</subfield>
      <subfield code="b">Pieter Schenk d.J.</subfield>
      <subfield code="c">1758</subfield>
    </datafield>
    <datafield tag="300" ind1=" " ind2=" ">
      <subfield code="a">1 Kt.</subfield>
      <subfield code="b">Grenzen kolor.</subfield>
      <subfield code="c">47 x 46 cm</subfield>
    </datafield>
    <datafield tag="337" ind1=" " ind2=" ">
      <subfield code="a">Karte</subfield>
    </datafield>
    <datafield tag="500" ind1=" " ind2=" ">
      <subfield code="a">Maßstab in graph. Form (gemeine Teutsche Meile). - Titelkartusche unten links. - Mit Ortsregister an den Seitenleisten. - Relief: plastisch angedeutet</subfield>
    </datafield>
    <datafield tag="520" ind1="3" ind2="#">
      <subfield code="a">Verwaltungskarte des Vogtlandes mit Einrichtungen, Wäldern etc.</subfield>
    </datafield>
    <datafield tag="650" ind1=" " ind2="4">
      <subfield code="a">Altkarte</subfield>
    </datafield>
    <datafield tag="651" ind1=" " ind2="4">
      <subfield code="a">Deutschland</subfield>
    </datafield>
    <datafield tag="651" ind1=" " ind2="4">
      <subfield code="a">Sachsen</subfield>
    </datafield>
    <datafield tag="651" ind1=" " ind2="4">
      <subfield code="a">Vogtland</subfield>
    </datafield>
    <datafield tag="700" ind1="2" ind2=" ">
      <subfield code="a">Lotter, Tobias Conrad</subfield>
    </datafield>
    <datafield tag="700" ind1="2" ind2=" ">
      <subfield code="a">Vindel, August</subfield>
    </datafield>
    <datafield tag="700" ind1="2" ind2=" ">
      <subfield code="a">Schenk, Pieter (der Jüngere)</subfield>
    </datafield>
    <datafield tag="841" ind1=" " ind2=" ">
      <subfield code="a">em__</subfield>
      <subfield code="b">1758</subfield>
      <subfield code="c">3</subfield>
    </datafield>
    <datafield tag="852" ind1=" " ind2=" ">
      <subfield code="a">DE-185</subfield>
      <subfield code="c">Historische Abteilung</subfield>
      <subfield code="m">HK 0110</subfield>
      <subfield code="t">179116001</subfield>
    </datafield>
    <datafield tag="856" ind1=" " ind2=" ">
      <subfield code="a">https://ifl.wissensbank.com/fastlink.html?search=179116000</subfield>
      <subfield code="3">permalink</subfield>
    </datafield>
    <datafield tag="856" ind1=" " ind2=" ">
      <subfield code="a">https://ifl.wissensbank.com/cgi-bin/starfetch.exe?6T61yZgdWCOlEKs@EteyYgTg32nMsxLzJZQ8QwC9O26lB3usABuYNpj3dJsL7wLHZ.xC7Cugf.jm4az9YTS74kSweCIFLiGTv4w9zCSXDqqJzIZZVQSxGcq28nn@Nb2nWYODabIdcqaP4JdWtqBJDg/HK110.jpg</subfield>
      <subfield code="3">file</subfield>
    </datafield>
  </record>