
  <record>
    <leader>01250nem  22002893  4500</leader>
    <controlfield tag="001">179121000</controlfield>
    <controlfield tag="003">DE-185</controlfield>
    <controlfield tag="007">ta</controlfield>
    <controlfield tag="008">1712                             i|fre</controlfield>
    <datafield tag="041" ind1=" " ind2=" ">
      <subfield code="a">fre</subfield>
    </datafield>
    <datafield tag="084" ind1=" " ind2=" ">
      <subfield code="a">RA04.06 Frankreich</subfield>
    </datafield>
    <datafield tag="225" ind1=" " ind2=" ">
      <subfield code="c">E 3°27'50"-E 4°27'26"/N 50°12'15"-N 49°43'57"</subfield>
    </datafield>
    <datafield tag="245" ind1="1" ind2="0">
      <subfield code="a">Carte Particuliere Des Environs D'Avesnes, Landrecy, La Capelle, Guise, Etc.</subfield>
      <subfield code="b">avec Privilege du Roy</subfield>
      <subfield code="c">A Bruxelles chez Eugene Friex ruë de la Madelene</subfield>
    </datafield>
    <datafield tag="260" ind1=" " ind2=" ">
      <subfield code="a">Bruxelles</subfield>
      <subfield code="b">Eugène H. Fricx</subfield>
      <subfield code="c">1712</subfield>
    </datafield>
    <datafield tag="300" ind1=" " ind2=" ">
      <subfield code="a">1 Kt.</subfield>
      <subfield code="b">unkolor.</subfield>
      <subfield code="c">53 x 40 cm</subfield>
    </datafield>
    <datafield tag="337" ind1=" " ind2=" ">
      <subfield code="a">Karte</subfield>
    </datafield>
    <datafield tag="500" ind1=" " ind2=" ">
      <subfield code="a">Vermutlich aus: Table Des Cartes Des Pays-Bas Et Des Frontières De France, Avec un Recueil Des Plans Des Villes, Sieges Et Battailles Données Entre Les Hauts Allies Et La France ; 22. - Maßstab in graph. Form (Lieues de Brabant). - Titel oben. - Ohne Relief</subfield>
    </datafield>
    <datafield tag="520" ind1="3" ind2="#">
      <subfield code="a">Verwaltungskarte der Grafschaft Henngau mit Wäldern, Einrichtungen etc.</subfield>
    </datafield>
    <datafield tag="650" ind1=" " ind2="4">
      <subfield code="a">Altkarte</subfield>
    </datafield>
    <datafield tag="650" ind1=" " ind2="4">
      <subfield code="a">Verwaltungskarte</subfield>
    </datafield>
    <datafield tag="651" ind1=" " ind2="4">
      <subfield code="a">Frankreich</subfield>
    </datafield>
    <datafield tag="700" ind1="2" ind2=" ">
      <subfield code="a">Fricx, Eugène Henry</subfield>
    </datafield>
    <datafield tag="841" ind1=" " ind2=" ">
      <subfield code="a">em__</subfield>
      <subfield code="b">1712</subfield>
      <subfield code="c">3</subfield>
    </datafield>
    <datafield tag="852" ind1=" " ind2=" ">
      <subfield code="a">DE-185</subfield>
      <subfield code="c">Historische Abteilung</subfield>
      <subfield code="m">HK 0115</subfield>
      <subfield code="t">179121001</subfield>
    </datafield>
    <datafield tag="856" ind1=" " ind2=" ">
      <subfield code="a">https://ifl.wissensbank.com/fastlink.html?search=179121000</subfield>
      <subfield code="3">permalink</subfield>
    </datafield>
    <datafield tag="856" ind1=" " ind2=" ">
      <subfield code="a">https://ifl.wissensbank.com/cgi-bin/starfetch.exe?yZYVp2Y8BhUxKpLaX6OW5C1oUvl7a5tpl8yoTgHg.AGF49tKqMVaEykLu620cr6C9efG@hSjZteuNnSMEnhN7Ar.z2VyQo1etlmN6VrmkvYyu5Q1.z6xeVTXIgzUWBhFcPIxeyWfNG@qxWhlV3l9iA/HK115.jpg</subfield>
      <subfield code="3">file</subfield>
    </datafield>
  </record>