
  <record>
    <leader>01250nem  22002893  4500</leader>
    <controlfield tag="001">179124000</controlfield>
    <controlfield tag="003">DE-185</controlfield>
    <controlfield tag="007">ta</controlfield>
    <controlfield tag="008">1630                             i|</controlfield>
    <datafield tag="084" ind1=" " ind2=" ">
      <subfield code="a">RA04 Westeuropa</subfield>
    </datafield>
    <datafield tag="225" ind1=" " ind2=" ">
      <subfield code="c">E 1°47'00"-E 4°30'00"/N 51°26'00"-N 50°19'00"</subfield>
    </datafield>
    <datafield tag="245" ind1="1" ind2="0">
      <subfield code="a">Flandria Comit.</subfield>
      <subfield code="b">Cum Privilegio</subfield>
      <subfield code="c">Per Gerardum Mercatorem</subfield>
    </datafield>
    <datafield tag="260" ind1=" " ind2=" ">
      <subfield code="a">[Amsterdam]</subfield>
      <subfield code="b">[Henricus Hondius]</subfield>
      <subfield code="c">[um 1630]</subfield>
    </datafield>
    <datafield tag="300" ind1=" " ind2=" ">
      <subfield code="a">1 Kt.</subfield>
      <subfield code="b">unkolor.</subfield>
      <subfield code="c">46 x 31 cm</subfield>
    </datafield>
    <datafield tag="337" ind1=" " ind2=" ">
      <subfield code="a">Karte</subfield>
    </datafield>
    <datafield tag="500" ind1=" " ind2=" ">
      <subfield code="a">Maßstab in graph. Form (Miliaria communia vel itinera horaria). - Titelkartusche oben links. - Maßstabskartusche unten rechts. - Nebentitel und Erl. auf d. Rückseite d. Kt.: Flandria Comitatus, Vlaenderen. - Aus Mercators "Atlas Sive Cosmographicae Meditationes De Fabrica Mundi Et Fabricati Figura" ausgelöste Kt., S. 200-201. - Ohne Relief</subfield>
    </datafield>
    <datafield tag="520" ind1="3" ind2="#">
      <subfield code="a">Flandern mit Wäldern etc.</subfield>
    </datafield>
    <datafield tag="650" ind1=" " ind2="4">
      <subfield code="a">Altkarte</subfield>
    </datafield>
    <datafield tag="651" ind1=" " ind2="4">
      <subfield code="a">Flandern</subfield>
    </datafield>
    <datafield tag="700" ind1="2" ind2=" ">
      <subfield code="a">Mercator, Gerhard</subfield>
    </datafield>
    <datafield tag="700" ind1="2" ind2=" ">
      <subfield code="a">Hondius, Hendrik</subfield>
    </datafield>
    <datafield tag="841" ind1=" " ind2=" ">
      <subfield code="a">em__</subfield>
      <subfield code="b">1630</subfield>
      <subfield code="c">3</subfield>
    </datafield>
    <datafield tag="852" ind1=" " ind2=" ">
      <subfield code="a">DE-185</subfield>
      <subfield code="c">Historische Abteilung</subfield>
      <subfield code="m">HK 0040</subfield>
      <subfield code="t">179124001</subfield>
    </datafield>
    <datafield tag="856" ind1=" " ind2=" ">
      <subfield code="a">https://ifl.wissensbank.com/fastlink.html?search=179124000</subfield>
      <subfield code="3">permalink</subfield>
    </datafield>
    <datafield tag="856" ind1=" " ind2=" ">
      <subfield code="a">https://ifl.wissensbank.com/cgi-bin/starfetch.exe?fvw89@cO3pCpr.rB@Wj..zWIuzB2Lhsye903HruSj6nFVAOWzfMEfTUE0QWXYbj98TbxJlQdGaaX4OJ6ZPo1uiFk8vXLxXKeBmC4gzk2dPmryfdVHudOE1iLbKJf32EQTbk9VhLAZ24SzQKkuKojjg/HK40V.jpg</subfield>
      <subfield code="3">file</subfield>
    </datafield>
  </record>