
  <record>
    <leader>01250nem  22002893  4500</leader>
    <controlfield tag="001">179133000</controlfield>
    <controlfield tag="003">DE-185</controlfield>
    <controlfield tag="007">ta</controlfield>
    <controlfield tag="008">1850                             i|ger</controlfield>
    <datafield tag="041" ind1=" " ind2=" ">
      <subfield code="a">ger</subfield>
    </datafield>
    <datafield tag="084" ind1=" " ind2=" ">
      <subfield code="a">RC02 Vereinigte Staaten</subfield>
    </datafield>
    <datafield tag="225" ind1=" " ind2=" ">
      <subfield code="c">W 97°52'00"-W 63°34'00"/N 47°59'00"-N 28°29'00"</subfield>
    </datafield>
    <datafield tag="245" ind1="1" ind2="0">
      <subfield code="a">Neueste Eisenbahn- Kanal- u. Post-Karte für Reisende in den Vereinigten Staaten Von Nord-Amerika, Canada, Texas u. Californien</subfield>
      <subfield code="c">Nach J. Calvin Smith, H. S. Tanner u. andern neuesten Quellen bearbeitet. Stahlstich; Druck u. Illuminat[ion] d. Kunst- u. geogr. Anst. v. Serz &amp; C[ompan]ie in Nürnberg</subfield>
    </datafield>
    <datafield tag="260" ind1=" " ind2=" ">
      <subfield code="a">Bamberg ; Bayreuth</subfield>
      <subfield code="b">Verlag der Buchner'schen Buchhandlung</subfield>
      <subfield code="c">1850</subfield>
    </datafield>
    <datafield tag="300" ind1=" " ind2=" ">
      <subfield code="a">1 Kt.</subfield>
      <subfield code="b">Grenzen kolor.</subfield>
      <subfield code="c">70 x 51 cm</subfield>
    </datafield>
    <datafield tag="337" ind1=" " ind2=" ">
      <subfield code="a">Karte</subfield>
    </datafield>
    <datafield tag="500" ind1=" " ind2=" ">
      <subfield code="a">Ohne Maßstab. - Titel oben Mitte. - Mit 2 Stadtpl.: Philadelphia. Plan von New York. - Mit 3 Eisenbahnkt.: Eisenbahn-Route V. New York N. Philadelphia. Eisenbahn-Route V. Philadelphia N. Washington. Eisenbahn- Und Kanal-Routen von Albany Nach Buffalo. - Mit 1 Nebenkt.: Karte von Oregon und Neu-Californien. - Nullmeridiane: Greenwich u. Washington. - In Buch eingebunden. - Umschlagt.: Neueste Eisenbahn-, Post- &amp; Kanal-Karte ... Bamberg 1851. - Karte zu T. Brommes Handbuch f. Auswanderer. - Ohne Relief</subfield>
    </datafield>
    <datafield tag="520" ind1="3" ind2="#">
      <subfield code="a">Verwaltungskarte der USA mit Verkehrswegen etc.</subfield>
    </datafield>
    <datafield tag="650" ind1=" " ind2="4">
      <subfield code="a">Altkarte</subfield>
    </datafield>
    <datafield tag="650" ind1=" " ind2="4">
      <subfield code="a">Verkehrskarte</subfield>
    </datafield>
    <datafield tag="650" ind1=" " ind2="4">
      <subfield code="a">Verwaltungskarte</subfield>
    </datafield>
    <datafield tag="651" ind1=" " ind2="4">
      <subfield code="a">USA</subfield>
    </datafield>
    <datafield tag="700" ind1="2" ind2=" ">
      <subfield code="a">Smith, John Calvin</subfield>
    </datafield>
    <datafield tag="700" ind1="2" ind2=" ">
      <subfield code="a">Tanner, Henry Schenck</subfield>
    </datafield>
    <datafield tag="841" ind1=" " ind2=" ">
      <subfield code="a">em__</subfield>
      <subfield code="b">1850</subfield>
      <subfield code="c">3</subfield>
    </datafield>
    <datafield tag="852" ind1=" " ind2=" ">
      <subfield code="a">DE-185</subfield>
      <subfield code="c">Historische Abteilung</subfield>
      <subfield code="m">HK 0134</subfield>
      <subfield code="t">179133001</subfield>
    </datafield>
    <datafield tag="856" ind1=" " ind2=" ">
      <subfield code="a">https://ifl.wissensbank.com/fastlink.html?search=179133000</subfield>
      <subfield code="3">permalink</subfield>
    </datafield>
    <datafield tag="856" ind1=" " ind2=" ">
      <subfield code="a">https://ifl.wissensbank.com/cgi-bin/starfetch.exe?1WoOYpwEnn54vjwsYMsRYdqn7SPLE4mnDQTMkrxnB9ZNZ1isqj..Xygw6nmTKP0NIGzdqPZriDTbeYANZDaSLfQJDtxSuE3KY6DecXwrAgoLaRq75E65foWEQGdnmjJNE4.mexvNsIedd.YZOuoTyA/HK134K.jpg</subfield>
      <subfield code="3">file</subfield>
    </datafield>
  </record>