
  <record>
    <leader>01250nem  22002893  4500</leader>
    <controlfield tag="001">179134000</controlfield>
    <controlfield tag="003">DE-185</controlfield>
    <controlfield tag="007">ta</controlfield>
    <controlfield tag="008">1858                             i|ger</controlfield>
    <datafield tag="041" ind1=" " ind2=" ">
      <subfield code="a">ger</subfield>
    </datafield>
    <datafield tag="084" ind1=" " ind2=" ">
      <subfield code="a">RA05.21 Tschechische Republik</subfield>
    </datafield>
    <datafield tag="225" ind1=" " ind2=" ">
      <subfield code="c">E 12°05'00"-E 16°41'00"/N 51°01'00"-N 48°36'00"</subfield>
    </datafield>
    <datafield tag="245" ind1="1" ind2="0">
      <subfield code="a">Karte des Königreiches Böhmen nach der Eintheilung vom Jahre 1854</subfield>
      <subfield code="c">auf Grundlage officieller Daten herausgegeben von F. Tempsky</subfield>
    </datafield>
    <datafield tag="260" ind1=" " ind2=" ">
      <subfield code="a">Prag</subfield>
      <subfield code="b">F. Tempsky [Calve'sche Buchhandlung]</subfield>
      <subfield code="c">1858</subfield>
    </datafield>
    <datafield tag="300" ind1=" " ind2=" ">
      <subfield code="a">1 Kt.</subfield>
      <subfield code="b">Grenzen kolor.</subfield>
      <subfield code="c">80 x 60 cm</subfield>
    </datafield>
    <datafield tag="337" ind1=" " ind2=" ">
      <subfield code="a">Karte</subfield>
    </datafield>
    <datafield tag="500" ind1=" " ind2=" ">
      <subfield code="a">Maßstab in graph. Form (deutsche oder geographische Meilen). - Titel oben links. - Mit 1 Nebenkt.: Rayon der k.k. Polizeibehörde von der königl. Hauptstadt Prag. - Erl. zu Kreisen und Verwaltung. - Rechts unten handschriftlich: Lieferung Plan 86-1. - Im Schuber. - Titel auf Schuber: Karte von Böhmen. - Ohne Relief</subfield>
    </datafield>
    <datafield tag="520" ind1="3" ind2="#">
      <subfield code="a">Verwaltungskarte von Böhmen</subfield>
    </datafield>
    <datafield tag="650" ind1=" " ind2="4">
      <subfield code="a">Altkarte</subfield>
    </datafield>
    <datafield tag="650" ind1=" " ind2="4">
      <subfield code="a">Verwaltungskarte</subfield>
    </datafield>
    <datafield tag="651" ind1=" " ind2="4">
      <subfield code="a">Tschechien</subfield>
    </datafield>
    <datafield tag="651" ind1=" " ind2="4">
      <subfield code="a">Böhmen (Čechy)</subfield>
    </datafield>
    <datafield tag="700" ind1="2" ind2=" ">
      <subfield code="a">Tempsky, Friedrich</subfield>
    </datafield>
    <datafield tag="841" ind1=" " ind2=" ">
      <subfield code="a">em__</subfield>
      <subfield code="b">1858</subfield>
      <subfield code="c">3</subfield>
    </datafield>
    <datafield tag="852" ind1=" " ind2=" ">
      <subfield code="a">DE-185</subfield>
      <subfield code="c">Historische Abteilung</subfield>
      <subfield code="m">HK 0136</subfield>
      <subfield code="t">179134001</subfield>
    </datafield>
    <datafield tag="856" ind1=" " ind2=" ">
      <subfield code="a">https://ifl.wissensbank.com/fastlink.html?search=179134000</subfield>
      <subfield code="3">permalink</subfield>
    </datafield>
    <datafield tag="856" ind1=" " ind2=" ">
      <subfield code="a">https://ifl.wissensbank.com/cgi-bin/starfetch.exe?DRB5bqBIAvFZ4qEWbxRDgIRhXjCv2OsGn@vsVzzxH4TtqJxMAhX7tcxZrtM2d@21wvn1CBeoVpzVqEq1JEuI5hZV6IZ9WA4NRX74QrUifnMJsJQcJ5rjIl2VNESekVLJJqnPAm@gj0IX2U4YsNaQ9w/HK136K.jpg</subfield>
      <subfield code="3">file</subfield>
    </datafield>
  </record>