
  <record>
    <leader>01250nem  22002893  4500</leader>
    <controlfield tag="001">179135000</controlfield>
    <controlfield tag="003">DE-185</controlfield>
    <controlfield tag="007">ta</controlfield>
    <controlfield tag="008">1796                             i|eng</controlfield>
    <datafield tag="041" ind1=" " ind2=" ">
      <subfield code="a">eng</subfield>
    </datafield>
    <datafield tag="084" ind1=" " ind2=" ">
      <subfield code="a">RI03.01 China</subfield>
    </datafield>
    <datafield tag="225" ind1=" " ind2=" ">
      <subfield code="c">E 121°42'01"-E 122°26'39"/N 30°04'06"-N 29°17'13"</subfield>
    </datafield>
    <datafield tag="245" ind1="1" ind2="0">
      <subfield code="a">A Chart of the Islands to the Southward of Tchu-San on the Eastern Coast of China</subfield>
      <subfield code="b">generally laid down from one published by Alexander Dalrymple</subfield>
      <subfield code="c">with additions and alterations By J. Barrow. Engraved by B. Baker, Islington. Published by George Nicol</subfield>
    </datafield>
    <datafield tag="260" ind1=" " ind2=" ">
      <subfield code="a">[London]</subfield>
      <subfield code="b">George Nicol</subfield>
      <subfield code="c">1796</subfield>
    </datafield>
    <datafield tag="300" ind1=" " ind2=" ">
      <subfield code="a">1 Kt.</subfield>
      <subfield code="b">Grenzen kolor.</subfield>
      <subfield code="c">34 x 41 cm (mit Nebenkt. 34 x 53 cm)</subfield>
    </datafield>
    <datafield tag="337" ind1=" " ind2=" ">
      <subfield code="a">Karte</subfield>
    </datafield>
    <datafield tag="500" ind1=" " ind2=" ">
      <subfield code="a">Maßstab in graph. Form (Nautic Miles). - Titel rechts Mitte. - Mit 2 Nebenkt.: [Thus appeared the harbour of Tchu-San from the anchorae of the Clarence] &amp; [Sketch by Compass]. - Kt. gehört zu d. Werk: Staunton, George: An authentic account of an Embassy from the King of Great Britain to the Emperor of China, 2 Bde. - Relief angedeutet</subfield>
    </datafield>
    <datafield tag="520" ind1="3" ind2="#">
      <subfield code="a">Küstenkarte der Region um Ningbo</subfield>
    </datafield>
    <datafield tag="650" ind1=" " ind2="4">
      <subfield code="a">Küste</subfield>
    </datafield>
    <datafield tag="650" ind1=" " ind2="4">
      <subfield code="a">Altkarte</subfield>
    </datafield>
    <datafield tag="651" ind1=" " ind2="4">
      <subfield code="a">China</subfield>
    </datafield>
    <datafield tag="651" ind1=" " ind2="4">
      <subfield code="a">Zhejiang</subfield>
    </datafield>
    <datafield tag="700" ind1="2" ind2=" ">
      <subfield code="a">Dalrymple, Alexander</subfield>
    </datafield>
    <datafield tag="700" ind1="2" ind2=" ">
      <subfield code="a">Barrow, John</subfield>
    </datafield>
    <datafield tag="700" ind1="2" ind2=" ">
      <subfield code="a">Baker, Benjamin</subfield>
    </datafield>
    <datafield tag="700" ind1="2" ind2=" ">
      <subfield code="a">Nicol, George</subfield>
    </datafield>
    <datafield tag="841" ind1=" " ind2=" ">
      <subfield code="a">em__</subfield>
      <subfield code="b">1796</subfield>
      <subfield code="c">3</subfield>
    </datafield>
    <datafield tag="852" ind1=" " ind2=" ">
      <subfield code="a">DE-185</subfield>
      <subfield code="c">Historische Abteilung</subfield>
      <subfield code="m">HK 0137</subfield>
      <subfield code="t">179135001</subfield>
    </datafield>
    <datafield tag="856" ind1=" " ind2=" ">
      <subfield code="a">https://ifl.wissensbank.com/fastlink.html?search=179135000</subfield>
      <subfield code="3">permalink</subfield>
    </datafield>
    <datafield tag="856" ind1=" " ind2=" ">
      <subfield code="a">https://ifl.wissensbank.com/cgi-bin/starfetch.exe?BIBvon4Qq4to@Ah.suYiGqUFkpkbsz1E.ijLaDB4E2V4fNkKNk.ojqSarfaA0EaQXiafwtggdUFLGX6cAgK8vdDl3U8f3U9nMaiqI3QOJCabh9L8uZbctIVrl8zm5NGO4YQx7tLSZosCKxaoyccRbQ/HK137.jpg</subfield>
      <subfield code="3">file</subfield>
    </datafield>
  </record>