
  <record>
    <leader>01250nem  22002893  4500</leader>
    <controlfield tag="001">179139000</controlfield>
    <controlfield tag="003">DE-185</controlfield>
    <controlfield tag="007">ta</controlfield>
    <controlfield tag="008">1774                             i|ger</controlfield>
    <datafield tag="041" ind1=" " ind2=" ">
      <subfield code="a">ger</subfield>
    </datafield>
    <datafield tag="084" ind1=" " ind2=" ">
      <subfield code="a">RL03 Pazifischer Ozean/Pazifischer Raum</subfield>
    </datafield>
    <datafield tag="225" ind1=" " ind2=" ">
      <subfield code="c">E 104°45'00"-W 57°32'00"/N 23°51'00"-S 56°39'00"</subfield>
    </datafield>
    <datafield tag="245" ind1="1" ind2="0">
      <subfield code="a">Charte von einem Theile des Süd-Meeres</subfield>
      <subfield code="b">darinnen die verschiedenen Farthen und Entdeckungen angezeigt sind, welche von nachstehenden S[ieu]r Gros-Britt. Maj. Befehl ausgesandten Schiffen gemacht worden sind, der Dolphin vom Cap.n Byron und die Tamar vom Cap.n Mouat, 1765. Der Dolphin vom Cap.n Wallis und die Swallow vom Cap.n Carteret, 1767. Und der Endeavour vom Lieutenant Cook, 1769. commandirt</subfield>
      <subfield code="c">Glassbach sc[ulpsit]</subfield>
    </datafield>
    <datafield tag="260" ind1=" " ind2=" ">
      <subfield code="a">Berol</subfield>
      <subfield code="c">1774</subfield>
    </datafield>
    <datafield tag="300" ind1=" " ind2=" ">
      <subfield code="a">1 Kt.</subfield>
      <subfield code="b">unkolor.</subfield>
      <subfield code="c">64 x 33 cm</subfield>
    </datafield>
    <datafield tag="337" ind1=" " ind2=" ">
      <subfield code="a">Karte</subfield>
    </datafield>
    <datafield tag="500" ind1=" " ind2=" ">
      <subfield code="a">Ohne Maßstab. - Titel oben Mitte. - Mit Fahrtrouten. - Erschienen auch als: Carte d'une partie de la Mer Du Sud : Contenant les Découvertes des Vaisseaux De Sa Majesté Le Dauphin, Commodore Byron, la Tamar, Capitne. Mouats, 1765, le Dauphin, Capitne. Wallis, le Swallow, Capitne. Carteret, 1767, et l'Endeavour, Lieutenant Cook, 1769. - Ohne Relief</subfield>
    </datafield>
    <datafield tag="520" ind1="3" ind2="#">
      <subfield code="a">Karte der Entdeckungsreisen im Südpazifik von 1765 - 1769</subfield>
    </datafield>
    <datafield tag="650" ind1=" " ind2="4">
      <subfield code="a">Altkarte</subfield>
    </datafield>
    <datafield tag="650" ind1=" " ind2="4">
      <subfield code="a">Seekarte</subfield>
    </datafield>
    <datafield tag="651" ind1=" " ind2="4">
      <subfield code="a">Pazifischer Ozean</subfield>
    </datafield>
    <datafield tag="651" ind1=" " ind2="4">
      <subfield code="a">Südsee</subfield>
    </datafield>
    <datafield tag="653" ind1="1" ind2=" ">
      <subfield code="a">Entdeckungen</subfield>
    </datafield>
    <datafield tag="700" ind1="2" ind2=" ">
      <subfield code="a">Glassbach, Christian Benjamin</subfield>
    </datafield>
    <datafield tag="700" ind1="2" ind2=" ">
      <subfield code="a">Byron, John</subfield>
    </datafield>
    <datafield tag="700" ind1="2" ind2=" ">
      <subfield code="a">Mouat, Patrick</subfield>
    </datafield>
    <datafield tag="700" ind1="2" ind2=" ">
      <subfield code="a">Wallis, Samuel</subfield>
    </datafield>
    <datafield tag="700" ind1="2" ind2=" ">
      <subfield code="a">Carteret, Philipp</subfield>
    </datafield>
    <datafield tag="700" ind1="2" ind2=" ">
      <subfield code="a">Cook, James</subfield>
      <subfield code="1">118522027</subfield>
    </datafield>
    <datafield tag="841" ind1=" " ind2=" ">
      <subfield code="a">em__</subfield>
      <subfield code="b">1774</subfield>
      <subfield code="c">3</subfield>
    </datafield>
    <datafield tag="852" ind1=" " ind2=" ">
      <subfield code="a">DE-185</subfield>
      <subfield code="c">Historische Abteilung</subfield>
      <subfield code="m">HK 0141</subfield>
      <subfield code="t">179139001</subfield>
    </datafield>
    <datafield tag="856" ind1=" " ind2=" ">
      <subfield code="a">https://ifl.wissensbank.com/fastlink.html?search=179139000</subfield>
      <subfield code="3">permalink</subfield>
    </datafield>
    <datafield tag="856" ind1=" " ind2=" ">
      <subfield code="a">https://ifl.wissensbank.com/cgi-bin/starfetch.exe?Dml2NUD43CbOMWzrnkyAmaSJruVyEQG774GsD3uyrC3GTqCZMgTfgNQTvrWT5krwxq5CECgFJ7Jyb7A7ig8YTUecji9x6h9Ew1f9ktxWDYdTYAfz95LSkTTQM4cn3JE26u9ITxSMhPUNYHxqy6nxVw/HK141.jpg</subfield>
      <subfield code="3">file</subfield>
    </datafield>
  </record>