
  <record>
    <leader>01250nem  22002893  4500</leader>
    <controlfield tag="001">179150000</controlfield>
    <controlfield tag="003">DE-185</controlfield>
    <controlfield tag="007">ta</controlfield>
    <controlfield tag="008">1862                             i|eng</controlfield>
    <datafield tag="041" ind1=" " ind2=" ">
      <subfield code="a">eng</subfield>
    </datafield>
    <datafield tag="084" ind1=" " ind2=" ">
      <subfield code="a">RF01.18 Kapverdische Inseln</subfield>
    </datafield>
    <datafield tag="225" ind1=" " ind2=" ">
      <subfield code="c">W 23°17'37"-W 23°02'13"/N 15°24'01"-N 15°04'45"</subfield>
    </datafield>
    <datafield tag="245" ind1="1" ind2="0">
      <subfield code="a">An Orometric Survey of Mayo</subfield>
      <subfield code="b">(one of the Cape Verd Islands)</subfield>
      <subfield code="c">by Lieut[enan]ts Vidal &amp; Mudge of H. M. S. Leven. Capt. D. E. Bartholomew C[ompanion of the Order of the] B[ath] 1819. Published according to Act of Parliament by Capt. Hurd R. N. Hydrographer to the Admiralty July 19th 1820. J. Walker Sculp[si]t</subfield>
    </datafield>
    <datafield tag="260" ind1=" " ind2=" ">
      <subfield code="a">[London]</subfield>
      <subfield code="b">Hydrographic Office of the Admiralty</subfield>
      <subfield code="c">1862</subfield>
    </datafield>
    <datafield tag="300" ind1=" " ind2=" ">
      <subfield code="a">1 Kt.</subfield>
      <subfield code="b">unkolor.</subfield>
      <subfield code="c">20 x 28 cm</subfield>
    </datafield>
    <datafield tag="337" ind1=" " ind2=" ">
      <subfield code="a">Karte</subfield>
    </datafield>
    <datafield tag="500" ind1=" " ind2=" ">
      <subfield code="a">Maßstab in graph. Form (Nautic Miles). - Titel oben rechts. - Verlegerstempel darunter. - Mit 2 Ansichten: View of the Island distant 15 miles &amp; View of the Town and Rocky point, from the anchorage. - Relief: Schraffen</subfield>
    </datafield>
    <datafield tag="520" ind1="3" ind2="#">
      <subfield code="a">Karte der Insel Maio</subfield>
    </datafield>
    <datafield tag="650" ind1=" " ind2="4">
      <subfield code="a">Altkarte</subfield>
    </datafield>
    <datafield tag="651" ind1=" " ind2="4">
      <subfield code="a">Kapverdische Inseln</subfield>
    </datafield>
    <datafield tag="651" ind1=" " ind2="4">
      <subfield code="a">Maio</subfield>
    </datafield>
    <datafield tag="700" ind1="2" ind2=" ">
      <subfield code="a">Vidal, Alexander T.</subfield>
    </datafield>
    <datafield tag="700" ind1="2" ind2=" ">
      <subfield code="a">Mudge, William</subfield>
    </datafield>
    <datafield tag="700" ind1="2" ind2=" ">
      <subfield code="a">Hurd, Thomas</subfield>
    </datafield>
    <datafield tag="700" ind1="2" ind2=" ">
      <subfield code="a">Walker, John</subfield>
    </datafield>
    <datafield tag="700" ind1="2" ind2=" ">
      <subfield code="a">Bartholomew, David Ewen</subfield>
    </datafield>
    <datafield tag="700" ind1="2" ind2=" ">
      <subfield code="a">Stanford, Edward</subfield>
    </datafield>
    <datafield tag="841" ind1=" " ind2=" ">
      <subfield code="a">em__</subfield>
      <subfield code="b">1862</subfield>
      <subfield code="c">3</subfield>
    </datafield>
    <datafield tag="852" ind1=" " ind2=" ">
      <subfield code="a">DE-185</subfield>
      <subfield code="c">Historische Abteilung</subfield>
      <subfield code="m">HK 0153</subfield>
      <subfield code="t">179150001</subfield>
    </datafield>
    <datafield tag="856" ind1=" " ind2=" ">
      <subfield code="a">https://ifl.wissensbank.com/fastlink.html?search=179150000</subfield>
      <subfield code="3">permalink</subfield>
    </datafield>
    <datafield tag="856" ind1=" " ind2=" ">
      <subfield code="a">https://ifl.wissensbank.com/cgi-bin/starfetch.exe?8Eqa.Qjs3C1X2rqr1Ci3xla@cf4d@wKGE3OR2kpGdwMoPhB7R91luEuQD4RfDHqzwoYvAgSVuWQ47pYvSpOU4ocUWsl3W.9NxJbWLHlCQ53YuLYc@RelxE.JfivCxRbNJxn6Isqn1iKjOoMkiix6BQ/HK%200153.jpg</subfield>
      <subfield code="3">file</subfield>
    </datafield>
  </record>