
  <record>
    <leader>01250nem  22002893  4500</leader>
    <controlfield tag="001">179156000</controlfield>
    <controlfield tag="003">DE-185</controlfield>
    <controlfield tag="007">ta</controlfield>
    <controlfield tag="008">1866                             i|por</controlfield>
    <datafield tag="041" ind1=" " ind2=" ">
      <subfield code="a">por</subfield>
    </datafield>
    <datafield tag="084" ind1=" " ind2=" ">
      <subfield code="a">RD04.13 Brasilien</subfield>
    </datafield>
    <datafield tag="225" ind1=" " ind2=" ">
      <subfield code="c">W 41°03'00"-W 39°39'00"/S 18°58'00"-S 20°04'00"</subfield>
    </datafield>
    <datafield tag="245" ind1="1" ind2="0">
      <subfield code="a">Mappa Do Rio Doce</subfield>
      <subfield code="c">organisado pelo engenheiro Carlos Krauss. Sobre OS Trabalhos de A. Pires de Silva Ponte, Arlincourt e Outros. Publicado por ordem de S. Ex[celentíssim]o S[enho]r Cons[elheir]o Ant[oni]o Franc[isc]o De Paula Souza Ministro e Secretario d'Estada dos Negocios d'Agricultura Commercio e Obras Publicas. Grav[eur] C. Schestka. Esc[ritor] O. Koegel</subfield>
    </datafield>
    <datafield tag="260" ind1=" " ind2=" ">
      <subfield code="a">Rio de Janeiro</subfield>
      <subfield code="b">Lithographia do Imperial Instituto Artistico</subfield>
      <subfield code="c">1866</subfield>
    </datafield>
    <datafield tag="300" ind1=" " ind2=" ">
      <subfield code="a">1 Kt.</subfield>
      <subfield code="b">unkolor.</subfield>
      <subfield code="c">44 x 33 cm</subfield>
    </datafield>
    <datafield tag="337" ind1=" " ind2=" ">
      <subfield code="a">Karte</subfield>
    </datafield>
    <datafield tag="500" ind1=" " ind2=" ">
      <subfield code="a">Maßstab in graph. Form (Kilom., Legoas). - Titel oben links. - Mit Erl. für Einwanderer in engl. (unten), dt. (rechts), franz. (oben) und port. (links). - Mit Zählung: Prov[ínci]a do Espirito Santo Folha N[umer]o III. - Relief: Schraffen</subfield>
    </datafield>
    <datafield tag="520" ind1="3" ind2="#">
      <subfield code="a">Karte des Flußgebietes des Rio Doce</subfield>
    </datafield>
    <datafield tag="541" ind1=" " ind2=" ">
      <subfield code="a">Collection Alphons Stübel</subfield>
    </datafield>
    <datafield tag="650" ind1=" " ind2="4">
      <subfield code="a">Altkarte</subfield>
    </datafield>
    <datafield tag="650" ind1=" " ind2="4">
      <subfield code="a">Fluss</subfield>
    </datafield>
    <datafield tag="651" ind1=" " ind2="4">
      <subfield code="a">Brasilien</subfield>
    </datafield>
    <datafield tag="651" ind1=" " ind2="4">
      <subfield code="a">Rio Doce</subfield>
    </datafield>
    <datafield tag="700" ind1="2" ind2=" ">
      <subfield code="a">Koegel, O.</subfield>
    </datafield>
    <datafield tag="700" ind1="2" ind2=" ">
      <subfield code="a">Schwestka, Carlos</subfield>
    </datafield>
    <datafield tag="700" ind1="2" ind2=" ">
      <subfield code="a">Krauss, Carlos</subfield>
    </datafield>
    <datafield tag="700" ind1="2" ind2=" ">
      <subfield code="a">Souza, Antonio Francisco de Paula</subfield>
    </datafield>
    <datafield tag="841" ind1=" " ind2=" ">
      <subfield code="a">em__</subfield>
      <subfield code="b">1866</subfield>
      <subfield code="c">3</subfield>
    </datafield>
    <datafield tag="852" ind1=" " ind2=" ">
      <subfield code="a">DE-185</subfield>
      <subfield code="c">Historische Abteilung</subfield>
      <subfield code="m">HK 0167</subfield>
      <subfield code="t">179156001</subfield>
    </datafield>
    <datafield tag="856" ind1=" " ind2=" ">
      <subfield code="a">https://ifl.wissensbank.com/fastlink.html?search=179156000</subfield>
      <subfield code="3">permalink</subfield>
    </datafield>
    <datafield tag="856" ind1=" " ind2=" ">
      <subfield code="a">https://ifl.wissensbank.com/cgi-bin/starfetch.exe?nlsehY4zWZOqC7dMSNQ9LcLUVX3Avg2QF3JvY5Q2dFQKP9lm6W9R03JGnfJ2gucrYLMeGlQEQK5NGqOwDw38Ys5H2ov89ybFndLlbQWfPSj69miiENTNW.jzKbuTB8J38bqcciyXTa98dgYsBAUgOQ/HK167.jpg</subfield>
      <subfield code="3">file</subfield>
    </datafield>
  </record>