
  <record>
    <leader>01250nem  22002893  4500</leader>
    <controlfield tag="001">179157000</controlfield>
    <controlfield tag="003">DE-185</controlfield>
    <controlfield tag="007">ta</controlfield>
    <controlfield tag="008">1866                             i|por</controlfield>
    <datafield tag="041" ind1=" " ind2=" ">
      <subfield code="a">por</subfield>
    </datafield>
    <datafield tag="084" ind1=" " ind2=" ">
      <subfield code="a">RD04.13 Brasilien</subfield>
    </datafield>
    <datafield tag="225" ind1=" " ind2=" ">
      <subfield code="c">W 41°36'00"-W 40°07'00"/S 20°00'00"-S 21°04'00"</subfield>
    </datafield>
    <datafield tag="245" ind1="1" ind2="0">
      <subfield code="a">Mappa Geral Das Colonias De S. Leopoldina S. Izabel E Rio Novo na Provincia Do Espirito Santo</subfield>
      <subfield code="c">por Carlos Krauss e publicado por ordem de S. Ex[celentíssim]o S[enho]r Conselh[eir]o Ant[oni]o Franc[isc]o De Paula Souza Ministro e Secretario d'Estado dos Negocios d'Agricultura Commercio e Obras Publicas. Grav[eur] C. Schwestka. Esc[ritor] O. Koegel</subfield>
    </datafield>
    <datafield tag="260" ind1=" " ind2=" ">
      <subfield code="a">[Rio de Janeiro]</subfield>
      <subfield code="b">Lithographia do Imperial Instituto Artistico</subfield>
      <subfield code="c">1866</subfield>
    </datafield>
    <datafield tag="300" ind1=" " ind2=" ">
      <subfield code="a">1 Kt.</subfield>
      <subfield code="b">unkolor.</subfield>
      <subfield code="c">44 x 33 cm</subfield>
    </datafield>
    <datafield tag="337" ind1=" " ind2=" ">
      <subfield code="a">Karte</subfield>
    </datafield>
    <datafield tag="500" ind1=" " ind2=" ">
      <subfield code="a">Maßstab in graph. Form (Leg. geogr., Kilom.). - Titel unten rechts. - Mit Erl. für Einwanderer in engl. (unten), dt. (rechts), franz. (oben) und port. (links). - Mit Zählung: Prov[ínci]a do Espirito Santo Folha N[umer]o IV. - Relief: Schraffen</subfield>
    </datafield>
    <datafield tag="520" ind1="3" ind2="#">
      <subfield code="a">Karte der Kolonien Santa Leopoldina und Santa Izabel</subfield>
    </datafield>
    <datafield tag="541" ind1=" " ind2=" ">
      <subfield code="a">Collection Alphons Stübel</subfield>
    </datafield>
    <datafield tag="650" ind1=" " ind2="4">
      <subfield code="a">Altkarte</subfield>
    </datafield>
    <datafield tag="650" ind1=" " ind2="4">
      <subfield code="a">Kolonie</subfield>
    </datafield>
    <datafield tag="651" ind1=" " ind2="4">
      <subfield code="a">Brasilien</subfield>
    </datafield>
    <datafield tag="651" ind1=" " ind2="4">
      <subfield code="a">Espirito Santo</subfield>
    </datafield>
    <datafield tag="651" ind1=" " ind2="4">
      <subfield code="a">Santa Leopoldina</subfield>
    </datafield>
    <datafield tag="651" ind1=" " ind2="4">
      <subfield code="a">Domingos Martins</subfield>
    </datafield>
    <datafield tag="651" ind1=" " ind2="4">
      <subfield code="a">Santa Isabel</subfield>
    </datafield>
    <datafield tag="700" ind1="2" ind2=" ">
      <subfield code="a">Krauss, Carlos</subfield>
    </datafield>
    <datafield tag="700" ind1="2" ind2=" ">
      <subfield code="a">Schwestka, Carlos</subfield>
    </datafield>
    <datafield tag="700" ind1="2" ind2=" ">
      <subfield code="a">Koegel, O.</subfield>
    </datafield>
    <datafield tag="700" ind1="2" ind2=" ">
      <subfield code="a">Souza, Antonio Francisco de Paula</subfield>
    </datafield>
    <datafield tag="841" ind1=" " ind2=" ">
      <subfield code="a">em__</subfield>
      <subfield code="b">1866</subfield>
      <subfield code="c">3</subfield>
    </datafield>
    <datafield tag="852" ind1=" " ind2=" ">
      <subfield code="a">DE-185</subfield>
      <subfield code="c">Historische Abteilung</subfield>
      <subfield code="m">HK 0168</subfield>
      <subfield code="t">179157001</subfield>
    </datafield>
    <datafield tag="856" ind1=" " ind2=" ">
      <subfield code="a">https://ifl.wissensbank.com/fastlink.html?search=179157000</subfield>
      <subfield code="3">permalink</subfield>
    </datafield>
    <datafield tag="856" ind1=" " ind2=" ">
      <subfield code="a">https://ifl.wissensbank.com/cgi-bin/starfetch.exe?gQyh3a0AKqjNlU.phPJn6yb6UEGr1nnD.reYFR9Xk3CHfs@.6gNG90I9fG5hfE0iBcJCBCHzFlShBd3X4F1wpzWniutHTBu318TNOFaB6xUfiaFYquIENL0fmp@ybOPDA5kzMWbKHaQ.TIndi4PvbA/HK168.jpg</subfield>
      <subfield code="3">file</subfield>
    </datafield>
  </record>