
  <record>
    <leader>01250nem  22002893  4500</leader>
    <controlfield tag="001">179158000</controlfield>
    <controlfield tag="003">DE-185</controlfield>
    <controlfield tag="007">ta</controlfield>
    <controlfield tag="008">1866                             i|por</controlfield>
    <datafield tag="041" ind1=" " ind2=" ">
      <subfield code="a">por</subfield>
    </datafield>
    <datafield tag="084" ind1=" " ind2=" ">
      <subfield code="a">RD04.13 Brasilien</subfield>
    </datafield>
    <datafield tag="225" ind1=" " ind2=" ">
      <subfield code="c">W 42°40'00"-W 40°54'00"/S 17°09'00"-S 18°19'00"</subfield>
    </datafield>
    <datafield tag="245" ind1="1" ind2="0">
      <subfield code="a">[Gebiet um Philadelphia, Flussgebiet des Mucury (Brasilien)]</subfield>
      <subfield code="c">Lithographia de S. A. Sisson. [Por Carlos Krauss]. [Publicado por Ordem de S. Ex[celentíssim]o S[enho]r Conselh[eir]o Ant[oni]o Franc[isc]o De Paula Souza Ministro e Secretario d'Estada dos Negocios d'Agricultura Commercio e Obras Publicas]</subfield>
    </datafield>
    <datafield tag="260" ind1=" " ind2=" ">
      <subfield code="a">[Rio de Janeiro]</subfield>
      <subfield code="c">[1866]</subfield>
    </datafield>
    <datafield tag="300" ind1=" " ind2=" ">
      <subfield code="a">1 Kt.</subfield>
      <subfield code="b">unkolor.</subfield>
      <subfield code="c">43 x 33 cm</subfield>
    </datafield>
    <datafield tag="337" ind1=" " ind2=" ">
      <subfield code="a">Karte</subfield>
    </datafield>
    <datafield tag="500" ind1=" " ind2=" ">
      <subfield code="a">Ohne Maßstab. - Mit Erl. für Einwanderer in engl. (unten), dt. (rechts), franz. (oben) und port. (links). - Mit 1 Übersichtskarte zu den Provinzen im Südosten Brasiliens. - Mit Zählung: Mucury Folha N[umer]o II. - Relief: Schraffen</subfield>
    </datafield>
    <datafield tag="520" ind1="3" ind2="#">
      <subfield code="a">Karte der Umgebung von Philadelphia</subfield>
    </datafield>
    <datafield tag="650" ind1=" " ind2="4">
      <subfield code="a">Altkarte</subfield>
    </datafield>
    <datafield tag="651" ind1=" " ind2="4">
      <subfield code="a">Brasilien</subfield>
    </datafield>
    <datafield tag="651" ind1=" " ind2="4">
      <subfield code="a">Rio Mucuri</subfield>
    </datafield>
    <datafield tag="651" ind1=" " ind2="4">
      <subfield code="a">Filadélfia (Bahia)</subfield>
    </datafield>
    <datafield tag="700" ind1="2" ind2=" ">
      <subfield code="a">Krauss, Carlos</subfield>
    </datafield>
    <datafield tag="700" ind1="2" ind2=" ">
      <subfield code="a">Sisson, Sébastien Auguste</subfield>
    </datafield>
    <datafield tag="841" ind1=" " ind2=" ">
      <subfield code="a">em__</subfield>
      <subfield code="b">1866</subfield>
      <subfield code="c">3</subfield>
    </datafield>
    <datafield tag="852" ind1=" " ind2=" ">
      <subfield code="a">DE-185</subfield>
      <subfield code="c">Historische Abteilung</subfield>
      <subfield code="m">HK 0169</subfield>
      <subfield code="t">179158001</subfield>
    </datafield>
    <datafield tag="856" ind1=" " ind2=" ">
      <subfield code="a">https://ifl.wissensbank.com/fastlink.html?search=179158000</subfield>
      <subfield code="3">permalink</subfield>
    </datafield>
    <datafield tag="856" ind1=" " ind2=" ">
      <subfield code="a">https://ifl.wissensbank.com/cgi-bin/starfetch.exe?UQm2mwr2Gy2s5vmLJY9FW1Sk3NYBY1Dk1wuOfrmlmPSq71RMjnV.V1VS7tUQ.sTTPGYlxfnTZYRiyTwetEjJpD9qkbrkKIvmpILaaaOy186JOPazqnTd37E8JB2WrsNFrdzkF1iZD4qyWci9PK5pvQ/HK169.jpg</subfield>
      <subfield code="3">file</subfield>
    </datafield>
  </record>