
  <record>
    <leader>01250nem  22002893  4500</leader>
    <controlfield tag="001">179159000</controlfield>
    <controlfield tag="003">DE-185</controlfield>
    <controlfield tag="007">ta</controlfield>
    <controlfield tag="008">1866                             i|por</controlfield>
    <datafield tag="041" ind1=" " ind2=" ">
      <subfield code="a">por</subfield>
    </datafield>
    <datafield tag="084" ind1=" " ind2=" ">
      <subfield code="a">RD04.13 Brasilien</subfield>
    </datafield>
    <datafield tag="225" ind1=" " ind2=" ">
      <subfield code="c">W 40°46'00"-W 39°10'00"/S 17°40'00"-S 18°50'00"</subfield>
    </datafield>
    <datafield tag="245" ind1="1" ind2="0">
      <subfield code="a">Mappa Da Parte Septentrional da Provincia Do Espirito-Santo</subfield>
      <subfield code="c">organisado sobre os trabalhos de R. v. Krüger e outros. Por Carlos Krauss e publicado por ordem de S. Ex[celentíssim]o S[enho]r Cons[elheir]o Dr. Ant[oni]o Franc[isc]o De Paula Souza Ministro e Secretario d'Estado dos Negodos d'Agricultura Commerçio e Obras Publicas. Grav[eur] C. Schwestka. Esc[ritor] O. Koegel</subfield>
    </datafield>
    <datafield tag="260" ind1=" " ind2=" ">
      <subfield code="a">[Rio de Janeiro]</subfield>
      <subfield code="b">Lithographia do Imperial Instituto Artistico</subfield>
      <subfield code="c">1866</subfield>
    </datafield>
    <datafield tag="300" ind1=" " ind2=" ">
      <subfield code="a">1 Kt.</subfield>
      <subfield code="b">unkolor.</subfield>
      <subfield code="c">44 x 33 cm</subfield>
    </datafield>
    <datafield tag="337" ind1=" " ind2=" ">
      <subfield code="a">Karte</subfield>
    </datafield>
    <datafield tag="500" ind1=" " ind2=" ">
      <subfield code="a">Maßstab in graph. Form (Leg. de 3000 brac., Kilom.). - Titel unten rechts. - Mit Erl. für Einwanderer in engl. (unten), dt. (rechts), franz. (oben) und port. (links). - Mit Zählung: Prov[inci]a do Espirito Santo Folha N[umer]o II. - Relief: Schraffen</subfield>
    </datafield>
    <datafield tag="520" ind1="3" ind2="#">
      <subfield code="a">Karte des nördlichen Teils der Provinz Espírito Santo</subfield>
    </datafield>
    <datafield tag="541" ind1=" " ind2=" ">
      <subfield code="a">Collection Alphons Stübel</subfield>
    </datafield>
    <datafield tag="650" ind1=" " ind2="4">
      <subfield code="a">Altkarte</subfield>
    </datafield>
    <datafield tag="651" ind1=" " ind2="4">
      <subfield code="a">Brasilien</subfield>
    </datafield>
    <datafield tag="651" ind1=" " ind2="4">
      <subfield code="a">Espirito Santo</subfield>
    </datafield>
    <datafield tag="700" ind1="2" ind2=" ">
      <subfield code="a">Krauss, Carlos</subfield>
    </datafield>
    <datafield tag="700" ind1="2" ind2=" ">
      <subfield code="a">Schwestka, Carlos</subfield>
    </datafield>
    <datafield tag="700" ind1="2" ind2=" ">
      <subfield code="a">Koegel, O.</subfield>
    </datafield>
    <datafield tag="700" ind1="2" ind2=" ">
      <subfield code="a">Krüger, R. von</subfield>
    </datafield>
    <datafield tag="700" ind1="2" ind2=" ">
      <subfield code="a">Souza, Antonio Francisco de Paula</subfield>
    </datafield>
    <datafield tag="841" ind1=" " ind2=" ">
      <subfield code="a">em__</subfield>
      <subfield code="b">1866</subfield>
      <subfield code="c">3</subfield>
    </datafield>
    <datafield tag="852" ind1=" " ind2=" ">
      <subfield code="a">DE-185</subfield>
      <subfield code="c">Historische Abteilung</subfield>
      <subfield code="m">HK 0170</subfield>
      <subfield code="t">179159001</subfield>
    </datafield>
    <datafield tag="856" ind1=" " ind2=" ">
      <subfield code="a">https://ifl.wissensbank.com/fastlink.html?search=179159000</subfield>
      <subfield code="3">permalink</subfield>
    </datafield>
    <datafield tag="856" ind1=" " ind2=" ">
      <subfield code="a">https://ifl.wissensbank.com/cgi-bin/starfetch.exe?NyOK9P7YVNPOZT4urdSqZc@ZZKv.vJ4PUchs7zdeADBrQn89L7UhLHnWNKu2onQaZO5CrHWmfHj5u60V12CHYNj2t4lk44Hl6.kw@Y@0KCyBXV7Xxt8P.TEjRep4pCzqO8lKabx7mP@cRBdxBpL.tQ/HK170.jpg</subfield>
      <subfield code="3">file</subfield>
    </datafield>
  </record>