
  <record>
    <leader>01250nem  22002893  4500</leader>
    <controlfield tag="001">179160000</controlfield>
    <controlfield tag="003">DE-185</controlfield>
    <controlfield tag="007">ta</controlfield>
    <controlfield tag="008">1866                             i|por</controlfield>
    <datafield tag="041" ind1=" " ind2=" ">
      <subfield code="a">por</subfield>
    </datafield>
    <datafield tag="084" ind1=" " ind2=" ">
      <subfield code="a">RD04.13 Brasilien</subfield>
    </datafield>
    <datafield tag="225" ind1=" " ind2=" ">
      <subfield code="c">W 44°42'00"-W 38°32'00"/S 16°08'00"-S 23°56'00"</subfield>
    </datafield>
    <datafield tag="245" ind1="1" ind2="0">
      <subfield code="a">Mappa Geral da Provincia Do Espirito-Santo relativo As Colonias E Vias De Communiçacão</subfield>
      <subfield code="c">por C. Krauss. Publicado por Ordem de S. Ex[celentíssim]o S[enho]r Conselh[eir]o Ant[oni]o Franc[is]co De Paula Souza Ministro e Secretario d'Estado dos Negocios d'Agricultura Commercio e Obras Publicas. Grav[eur] C. Schwestka. Esc[ritor] O. Koegel</subfield>
    </datafield>
    <datafield tag="260" ind1=" " ind2=" ">
      <subfield code="a">[Rio de Janeiro]</subfield>
      <subfield code="b">Lithographia do Imperial Instituto Artistico</subfield>
      <subfield code="c">1866</subfield>
    </datafield>
    <datafield tag="300" ind1=" " ind2=" ">
      <subfield code="a">1 Kt.</subfield>
      <subfield code="b">unkolor.</subfield>
      <subfield code="c">33 x 44 cm</subfield>
    </datafield>
    <datafield tag="337" ind1=" " ind2=" ">
      <subfield code="a">Karte</subfield>
    </datafield>
    <datafield tag="500" ind1=" " ind2=" ">
      <subfield code="a">Maßstab in graph. Form (Leg. geographicas, Mirimetros). - Titel unten rechts. - Mit Erl. für Einwanderer in engl. (rechts), dt. (oben), franz. (links) und port. (unten). - Mit Legende oben links. - Mit 3 Nebenkt.: As Colonias Do Mucury. As Colonias de S. Leopoldina e S. Izabel. Colonia Do Novo. - Mit Zählung: Prov[inci]a do Espirito Santo Folha N[umer]o I. - Relief: Schraffen</subfield>
    </datafield>
    <datafield tag="520" ind1="3" ind2="#">
      <subfield code="a">Karte der Provinz Espírito Santo und ihrer Verkehrswege</subfield>
    </datafield>
    <datafield tag="541" ind1=" " ind2=" ">
      <subfield code="a">Collection Alphons Stübel</subfield>
    </datafield>
    <datafield tag="650" ind1=" " ind2="4">
      <subfield code="a">Altkarte</subfield>
    </datafield>
    <datafield tag="650" ind1=" " ind2="4">
      <subfield code="a">Verkehrsweg</subfield>
    </datafield>
    <datafield tag="650" ind1=" " ind2="4">
      <subfield code="a">Kolonie</subfield>
    </datafield>
    <datafield tag="651" ind1=" " ind2="4">
      <subfield code="a">Brasilien</subfield>
    </datafield>
    <datafield tag="651" ind1=" " ind2="4">
      <subfield code="a">Espirito Santo</subfield>
    </datafield>
    <datafield tag="700" ind1="2" ind2=" ">
      <subfield code="a">Krauss, Carlos</subfield>
    </datafield>
    <datafield tag="700" ind1="2" ind2=" ">
      <subfield code="a">Schwestka, Carlos</subfield>
    </datafield>
    <datafield tag="700" ind1="2" ind2=" ">
      <subfield code="a">Koegel, O.</subfield>
    </datafield>
    <datafield tag="700" ind1="2" ind2=" ">
      <subfield code="a">Souza, Antonio Francisco de Paula</subfield>
    </datafield>
    <datafield tag="841" ind1=" " ind2=" ">
      <subfield code="a">em__</subfield>
      <subfield code="b">1866</subfield>
      <subfield code="c">3</subfield>
    </datafield>
    <datafield tag="852" ind1=" " ind2=" ">
      <subfield code="a">DE-185</subfield>
      <subfield code="c">Historische Abteilung</subfield>
      <subfield code="m">HK 0171</subfield>
      <subfield code="t">179160001</subfield>
    </datafield>
    <datafield tag="856" ind1=" " ind2=" ">
      <subfield code="a">https://ifl.wissensbank.com/fastlink.html?search=179160000</subfield>
      <subfield code="3">permalink</subfield>
    </datafield>
    <datafield tag="856" ind1=" " ind2=" ">
      <subfield code="a">https://ifl.wissensbank.com/cgi-bin/starfetch.exe?.3di@EEHS1BL6D7fZDM.aalt5b2Bfaif.3vLt@hQoxix0OIGtnQB3aMebtRuJnAuPLDViKMFeq8wxt@jHc3IDSRyzFBP1Gh@esAqcPNqOCSSaoiexgzH5aCBR9L4DYS1BKDmH.GFtRF6H7Xj.AGOjQ/HK171.jpg</subfield>
      <subfield code="3">file</subfield>
    </datafield>
  </record>