
  <record>
    <leader>01250nem  22002893  4500</leader>
    <controlfield tag="001">179161000</controlfield>
    <controlfield tag="003">DE-185</controlfield>
    <controlfield tag="007">ta</controlfield>
    <controlfield tag="008">1866                             i|por</controlfield>
    <datafield tag="041" ind1=" " ind2=" ">
      <subfield code="a">por</subfield>
    </datafield>
    <datafield tag="084" ind1=" " ind2=" ">
      <subfield code="a">RD04.13 Brasilien</subfield>
    </datafield>
    <datafield tag="225" ind1=" " ind2=" ">
      <subfield code="c">W 40°56'00"-W 39°20'00"/S 17°34'00"-S 18°31'00"</subfield>
    </datafield>
    <datafield tag="245" ind1="1" ind2="0">
      <subfield code="a">Mappa Das Colonias Do Mucury</subfield>
      <subfield code="c">organisado sobre os trabalhos de Schlobach Da Costa, Mouchez, e R. v. Krüger. Par Carlos Krauss. Publicado por ordem de S. Ex[celentíssim]o S[enho]r Cons[elheir]o Dr. Ant[oni]o Fran[cisc]co De Paula Souza Ministro e Secretario d'Estado dos Negocios d'Agricultura Commercio e Obras Publicas. Lithographia de S. A. Sisson</subfield>
    </datafield>
    <datafield tag="260" ind1=" " ind2=" ">
      <subfield code="a">Rio de Janeiro</subfield>
      <subfield code="c">1866</subfield>
    </datafield>
    <datafield tag="300" ind1=" " ind2=" ">
      <subfield code="a">1 Kt.</subfield>
      <subfield code="b">unkolor.</subfield>
      <subfield code="c">43 x 33 cm</subfield>
    </datafield>
    <datafield tag="337" ind1=" " ind2=" ">
      <subfield code="a">Karte</subfield>
    </datafield>
    <datafield tag="500" ind1=" " ind2=" ">
      <subfield code="a">Maßstab in graph. Form (Leg. geogr., Kilom.). - Titel oben rechts. - Mit Erl. für Einwanderer in engl. (unten), dt. (rechts), franz. (oben) und port. (links). - Zeichenerklärung unten links. - Relief: Schraffen</subfield>
    </datafield>
    <datafield tag="520" ind1="3" ind2="#">
      <subfield code="a">Karte der Kolonien um den Fluß Mucury</subfield>
    </datafield>
    <datafield tag="650" ind1=" " ind2="4">
      <subfield code="a">Altkarte</subfield>
    </datafield>
    <datafield tag="650" ind1=" " ind2="4">
      <subfield code="a">Kolonie</subfield>
    </datafield>
    <datafield tag="651" ind1=" " ind2="4">
      <subfield code="a">Brasilien</subfield>
    </datafield>
    <datafield tag="651" ind1=" " ind2="4">
      <subfield code="a">Rio Mucuri</subfield>
    </datafield>
    <datafield tag="700" ind1="2" ind2=" ">
      <subfield code="a">Krauss, Carlos</subfield>
    </datafield>
    <datafield tag="700" ind1="2" ind2=" ">
      <subfield code="a">Krüger, R. von</subfield>
    </datafield>
    <datafield tag="700" ind1="2" ind2=" ">
      <subfield code="a">Schlobach Da Costa, ...</subfield>
    </datafield>
    <datafield tag="700" ind1="2" ind2=" ">
      <subfield code="a">Sisson, Sébastien Auguste</subfield>
    </datafield>
    <datafield tag="700" ind1="2" ind2=" ">
      <subfield code="a">Mouchez, Amédée Ernest Barthélemy</subfield>
    </datafield>
    <datafield tag="841" ind1=" " ind2=" ">
      <subfield code="a">em__</subfield>
      <subfield code="b">1866</subfield>
      <subfield code="c">3</subfield>
    </datafield>
    <datafield tag="852" ind1=" " ind2=" ">
      <subfield code="a">DE-185</subfield>
      <subfield code="c">Historische Abteilung</subfield>
      <subfield code="m">HK 0172</subfield>
      <subfield code="t">179161001</subfield>
    </datafield>
    <datafield tag="856" ind1=" " ind2=" ">
      <subfield code="a">https://ifl.wissensbank.com/fastlink.html?search=179161000</subfield>
      <subfield code="3">permalink</subfield>
    </datafield>
    <datafield tag="856" ind1=" " ind2=" ">
      <subfield code="a">https://ifl.wissensbank.com/cgi-bin/starfetch.exe?hhxNiutZBwOP@fWG.tp4PlEgAVAJuo28Z4L4okxVJ2faAt@6L6QgGEXNSBJjtlt0D2R8q6o8d72zV2BGukjQxJ9NtJFIWFiB2t8mIo57HAv@11euSADlCxlS1K5dkiaD3bOD5vG@kkb9KoSuy58oKA/HK172.jpg</subfield>
      <subfield code="3">file</subfield>
    </datafield>
  </record>