
  <record>
    <leader>01250nem  22002893  4500</leader>
    <controlfield tag="001">179163000</controlfield>
    <controlfield tag="003">DE-185</controlfield>
    <controlfield tag="007">ta</controlfield>
    <controlfield tag="008">1853                             i|ger</controlfield>
    <datafield tag="041" ind1=" " ind2=" ">
      <subfield code="a">ger</subfield>
    </datafield>
    <datafield tag="084" ind1=" " ind2=" ">
      <subfield code="a">RA08 Südosteuropa</subfield>
    </datafield>
    <datafield tag="225" ind1=" " ind2=" ">
      <subfield code="c">E 20°50'00"-E 22°29'00"/N 46°14'00"-N 45°29'00"</subfield>
    </datafield>
    <datafield tag="245" ind1="1" ind2="0">
      <subfield code="a">Generalkarte der Vojvodschaft Serbien und des Temescher Banates</subfield>
      <subfield code="b">dann der vier Gränzregimenter Peterwardeiner, Deutsch-Banater, Illyrisch-Banater und Roman-Banater, endlich des Titler Gränz-Bataillons im hohen Auftrage Sr. Excellenz des k. k. Herrn Feldmarschall-Lieutenants Grafen Coronini-Cronberg Militär- und Civil-Gouverneur und Landes-Militär-Commandanten</subfield>
      <subfield code="c">nach officiellen Quellen reducirt und gezeichnet von Emanuel von Friedberg, Hauptmann im k[aiserlich] k[öniglichen] Generalquartiermeisterstabe</subfield>
    </datafield>
    <datafield tag="260" ind1=" " ind2=" ">
      <subfield code="a">[Wien]</subfield>
      <subfield code="c">1853</subfield>
    </datafield>
    <datafield tag="300" ind1=" " ind2=" ">
      <subfield code="a">1 Kt. auf 4 Bl.</subfield>
      <subfield code="b">unkolor.</subfield>
      <subfield code="c">Gesamtgr. 128 x 86 cm, je Teil 64 x 43 cm, gefaltet 14 x 23 cm</subfield>
    </datafield>
    <datafield tag="337" ind1=" " ind2=" ">
      <subfield code="a">Karte</subfield>
    </datafield>
    <datafield tag="500" ind1=" " ind2=" ">
      <subfield code="a">Maßstab in graph. Form (Zoll). - Titel oben rechts (Bl.2=HK 175). - Mit Legende unten links (Bl.3=HK 176). - Mit Erl. zur Regimenterstärke unten (Bl.3+4=HK 176+177). - Mit politischer Einteilung rechts unten (Bl.4=HK 177). - Im Schuber. - Relief: Schraffen</subfield>
    </datafield>
    <datafield tag="520" ind1="3" ind2="#">
      <subfield code="a">Militärkarte der Woiwodschaft Serbien und des Temesvar Banates</subfield>
    </datafield>
    <datafield tag="650" ind1=" " ind2="4">
      <subfield code="a">Altkarte</subfield>
    </datafield>
    <datafield tag="650" ind1=" " ind2="4">
      <subfield code="a">Militärkartographie</subfield>
    </datafield>
    <datafield tag="651" ind1=" " ind2="4">
      <subfield code="a">Südosteuropa</subfield>
    </datafield>
    <datafield tag="651" ind1=" " ind2="4">
      <subfield code="a">Serbien</subfield>
    </datafield>
    <datafield tag="651" ind1=" " ind2="4">
      <subfield code="a">Banat</subfield>
    </datafield>
    <datafield tag="700" ind1="2" ind2=" ">
      <subfield code="a">Coronini-Cronberg, Johann Baptist</subfield>
    </datafield>
    <datafield tag="700" ind1="2" ind2=" ">
      <subfield code="a">Friedberg, Emanuel Salomon von</subfield>
    </datafield>
    <datafield tag="841" ind1=" " ind2=" ">
      <subfield code="a">em__</subfield>
      <subfield code="b">1853</subfield>
      <subfield code="c">3</subfield>
    </datafield>
    <datafield tag="852" ind1=" " ind2=" ">
      <subfield code="a">DE-185</subfield>
      <subfield code="c">Historische Abteilung</subfield>
      <subfield code="m">HK 0174</subfield>
      <subfield code="t">179163001</subfield>
    </datafield>
    <datafield tag="856" ind1=" " ind2=" ">
      <subfield code="a">https://ifl.wissensbank.com/fastlink.html?search=179163000</subfield>
      <subfield code="3">permalink</subfield>
    </datafield>
    <datafield tag="856" ind1=" " ind2=" ">
      <subfield code="a">https://ifl.wissensbank.com/cgi-bin/starfetch.exe?jXZx43Fsj8ea@bGiAR.wSUq0C@1w9gf6Rj9NSxohUrv23XT9ytni25ShogBfAWO.pqfjpj4JujvFMZS387v4PESzM2PaYGWArwtmfK@N7ZLvtQw@VypmeHG0y71tCRKb3TOf@lFp9zeG7T@6vrbXYw/HK%200175.jpg</subfield>
      <subfield code="3">file</subfield>
    </datafield>
  </record>