
  <record>
    <leader>01250nem  22002893  4500</leader>
    <controlfield tag="001">179165000</controlfield>
    <controlfield tag="003">DE-185</controlfield>
    <controlfield tag="007">ta</controlfield>
    <controlfield tag="008">1752                             i|ger</controlfield>
    <datafield tag="041" ind1=" " ind2=" ">
      <subfield code="a">ger</subfield>
      <subfield code="a">fre</subfield>
    </datafield>
    <datafield tag="084" ind1=" " ind2=" ">
      <subfield code="a">RA05.01 Deutschland</subfield>
    </datafield>
    <datafield tag="225" ind1=" " ind2=" ">
      <subfield code="c">E 10°13'00"-E 17°07'00"/N 52°38'00"-N 50°03'00"</subfield>
    </datafield>
    <datafield tag="245" ind1="1" ind2="0">
      <subfield code="a">Carte Itineraire par le Pays de l'Electorat De Saxe faisant voir les Grands Chemins depuis Lipsic jusqu'aux Villes les plus principales des Pays Circonvoisins</subfield>
      <subfield code="c">faite en faveur du Commerce &amp; publiée par les soins des Heritiers de Homann</subfield>
    </datafield>
    <datafield tag="250" ind1=" " ind2=" ">
      <subfield code="a">[Nachdr. d. Ausg. v. 1728]</subfield>
    </datafield>
    <datafield tag="260" ind1=" " ind2=" ">
      <subfield code="a">[Nürnberg]</subfield>
      <subfield code="b">Heritiers de Homann [Homannsche Erben]</subfield>
      <subfield code="c">1752</subfield>
    </datafield>
    <datafield tag="300" ind1=" " ind2=" ">
      <subfield code="a">1 Kt.</subfield>
      <subfield code="b">Grenzen kolor.</subfield>
      <subfield code="c">56 x 37 cm</subfield>
    </datafield>
    <datafield tag="337" ind1=" " ind2=" ">
      <subfield code="a">Karte</subfield>
    </datafield>
    <datafield tag="500" ind1=" " ind2=" ">
      <subfield code="a">Maßstab in graph. Form (Gemeine teutsche Meilen). - Titel oben. - Deutscher Parallelt. in Kartusche rechts oben. - Dekorative Kartusche rechts unten. - Mit Entfernungsstab (Leipzig) u. Erläuterungen. - Relief: angedeutet</subfield>
    </datafield>
    <datafield tag="520" ind1="3" ind2="#">
      <subfield code="a">Reisekarte des Kurfürstentums Sachsen mit Verkehrswegen etc.</subfield>
    </datafield>
    <datafield tag="650" ind1=" " ind2="4">
      <subfield code="a">Altkarte</subfield>
    </datafield>
    <datafield tag="650" ind1=" " ind2="4">
      <subfield code="a">Verkehrskarte</subfield>
    </datafield>
    <datafield tag="651" ind1=" " ind2="4">
      <subfield code="a">Deutschland</subfield>
    </datafield>
    <datafield tag="651" ind1=" " ind2="4">
      <subfield code="a">Sachsen</subfield>
    </datafield>
    <datafield tag="700" ind1="2" ind2=" ">
      <subfield code="a">Knauth, Johann Conrad</subfield>
    </datafield>
    <datafield tag="841" ind1=" " ind2=" ">
      <subfield code="a">em__</subfield>
      <subfield code="b">1752</subfield>
      <subfield code="c">3</subfield>
    </datafield>
    <datafield tag="852" ind1=" " ind2=" ">
      <subfield code="a">DE-185</subfield>
      <subfield code="c">Historische Abteilung</subfield>
      <subfield code="m">HK 0179</subfield>
      <subfield code="t">179165001</subfield>
    </datafield>
    <datafield tag="856" ind1=" " ind2=" ">
      <subfield code="a">https://ifl.wissensbank.com/fastlink.html?search=179165000</subfield>
      <subfield code="3">permalink</subfield>
    </datafield>
    <datafield tag="856" ind1=" " ind2=" ">
      <subfield code="a">https://ifl.wissensbank.com/cgi-bin/starfetch.exe?yvJefg0OrnryF4dQAxKicoEW.h7VzA6OIRc7EdAtgXCqE56r0Z4627M8twztOBcy9pNIiDhM97WBw8ASJrmi3dM1UOZmaTo9egrwq39uaOtV4kTjoxnzZtGFNk@NS5oobUIgFCEcdejc3gF4M4lhWQ/HK179.jpg</subfield>
      <subfield code="3">file</subfield>
    </datafield>
  </record>