
  <record>
    <leader>01250nem  22002893  4500</leader>
    <controlfield tag="001">179166000</controlfield>
    <controlfield tag="003">DE-185</controlfield>
    <controlfield tag="007">ta</controlfield>
    <controlfield tag="008">1862                             i|eng</controlfield>
    <datafield tag="041" ind1=" " ind2=" ">
      <subfield code="a">eng</subfield>
    </datafield>
    <datafield tag="084" ind1=" " ind2=" ">
      <subfield code="a">RF01.18 Kapverdische Inseln</subfield>
    </datafield>
    <datafield tag="225" ind1=" " ind2=" ">
      <subfield code="c">W 25°39'00"-W 22°15'00"/N 17°21'00"-N 14°38'00"</subfield>
    </datafield>
    <datafield tag="245" ind1="1" ind2="0">
      <subfield code="a">A Chart of the Cape Verd Islands</subfield>
      <subfield code="c">By Lieut[enant]s Vidal &amp; Mudge of H. M. Ship Leven. Capt. D. E. Bartholomew R[oyal] N[avy] C[ompanion of the Order of the] B[ath] in 1819, 20 &amp; 21. Published according to Act of Parliament by Capt. Hurd R. N. Hydrographer to the Admiralty July 11th 1822. J. Walker Sculp[si]t</subfield>
    </datafield>
    <datafield tag="260" ind1=" " ind2=" ">
      <subfield code="a">[London]</subfield>
      <subfield code="b">Hydrographic Office of the Admiralty</subfield>
      <subfield code="c">1862</subfield>
    </datafield>
    <datafield tag="300" ind1=" " ind2=" ">
      <subfield code="a">1 Kt.</subfield>
      <subfield code="b">unkolor.</subfield>
      <subfield code="c">76 x 60 cm</subfield>
    </datafield>
    <datafield tag="337" ind1=" " ind2=" ">
      <subfield code="a">Karte</subfield>
    </datafield>
    <datafield tag="500" ind1=" " ind2=" ">
      <subfield code="a">Ohne Maßstab. - Titel unten links. - Verlergerstempel darüber. - Mit Tiefenangaben. - Relief: Schraffen</subfield>
    </datafield>
    <datafield tag="520" ind1="3" ind2="#">
      <subfield code="a">Karte der Kapverdischen Inseln mit handgezeichneten Seerouten</subfield>
    </datafield>
    <datafield tag="650" ind1=" " ind2="4">
      <subfield code="a">Altkarte</subfield>
    </datafield>
    <datafield tag="650" ind1=" " ind2="4">
      <subfield code="a">Seekarte</subfield>
    </datafield>
    <datafield tag="651" ind1=" " ind2="4">
      <subfield code="a">Kapverdische Inseln</subfield>
    </datafield>
    <datafield tag="700" ind1="2" ind2=" ">
      <subfield code="a">Vidal, Alexander T.</subfield>
    </datafield>
    <datafield tag="700" ind1="2" ind2=" ">
      <subfield code="a">Mudge, William</subfield>
    </datafield>
    <datafield tag="700" ind1="2" ind2=" ">
      <subfield code="a">Bartholomew, David Ewen</subfield>
    </datafield>
    <datafield tag="700" ind1="2" ind2=" ">
      <subfield code="a">Walker, John</subfield>
    </datafield>
    <datafield tag="700" ind1="2" ind2=" ">
      <subfield code="a">Hurd, Thomas</subfield>
    </datafield>
    <datafield tag="700" ind1="2" ind2=" ">
      <subfield code="a">Stanford, Edward</subfield>
    </datafield>
    <datafield tag="841" ind1=" " ind2=" ">
      <subfield code="a">em__</subfield>
      <subfield code="b">1862</subfield>
      <subfield code="c">3</subfield>
    </datafield>
    <datafield tag="852" ind1=" " ind2=" ">
      <subfield code="a">DE-185</subfield>
      <subfield code="c">Historische Abteilung</subfield>
      <subfield code="m">HK 0181</subfield>
      <subfield code="t">179166001</subfield>
    </datafield>
    <datafield tag="856" ind1=" " ind2=" ">
      <subfield code="a">https://ifl.wissensbank.com/fastlink.html?search=179166000</subfield>
      <subfield code="3">permalink</subfield>
    </datafield>
    <datafield tag="856" ind1=" " ind2=" ">
      <subfield code="a">https://ifl.wissensbank.com/cgi-bin/starfetch.exe?NpzHr@q1kcUOpzXVzMKi6Q@LMWVf63yKB.lYymaJGBFatXy7qHiKryH3BB7cnAbazaaM5JUMrrTyRjO@Z9rgONR@picMry6UU6CQa3ZJetZTZ39s@XUgagM3j5cj9mUoTtCqaCMqrsopUZKCr.86iQ/HK181.jpg</subfield>
      <subfield code="3">file</subfield>
    </datafield>
  </record>