
  <record>
    <leader>01250nem  22002893  4500</leader>
    <controlfield tag="001">179173000</controlfield>
    <controlfield tag="003">DE-185</controlfield>
    <controlfield tag="007">ta</controlfield>
    <controlfield tag="008">1840                             i|ger</controlfield>
    <datafield tag="041" ind1=" " ind2=" ">
      <subfield code="a">ger</subfield>
    </datafield>
    <datafield tag="084" ind1=" " ind2=" ">
      <subfield code="a">RA05.01 Deutschland</subfield>
    </datafield>
    <datafield tag="225" ind1=" " ind2=" ">
      <subfield code="a">1:2.100.000</subfield>
      <subfield code="c">E 0°50'00"-E 23°12'00"/N 56°11'00"-N 46°47'00"</subfield>
    </datafield>
    <datafield tag="245" ind1="1" ind2="0">
      <subfield code="a">Neue Post- Wand- Und Reise-Karte von Deutschland</subfield>
      <subfield code="b">mit Angabe aller Poststationen, Ihrer Entfernung In Postmeilen, Der Einwohnerzahl Aller Städte, der Chausseen, Eisenbahnen, Canaele etc.</subfield>
    </datafield>
    <datafield tag="260" ind1=" " ind2=" ">
      <subfield code="a">Hildburgshausen ; Paris ; Amsterdam ; Philadelphia</subfield>
      <subfield code="b">Druck &amp; Verlag des Bibliographischen Instituts</subfield>
      <subfield code="c">1840</subfield>
    </datafield>
    <datafield tag="300" ind1=" " ind2=" ">
      <subfield code="a">1 Kt.</subfield>
      <subfield code="b">Grenzen kolor.; teilw. flächenkolor.</subfield>
      <subfield code="c">77 x 50 cm</subfield>
    </datafield>
    <datafield tag="337" ind1=" " ind2=" ">
      <subfield code="a">Karte</subfield>
    </datafield>
    <datafield tag="500" ind1=" " ind2=" ">
      <subfield code="a">Maßstab in graph. Form (Deutsche Meilen). - Titel oben. - Erl. zu Farben unten. - Legenden oben links und rechts. - Mit Entfernungsangaben. - Mit 1 Nebenkt.: Die Hauptverbindungsstrassen in Europa zu Lande und zu Wasser. - Relief: angedeutet</subfield>
    </datafield>
    <datafield tag="520" ind1="3" ind2="#">
      <subfield code="a">Postroutenkarte von Deutschland mit Eisenbahnlinien, Straßen etc.</subfield>
    </datafield>
    <datafield tag="650" ind1=" " ind2="4">
      <subfield code="a">Altkarte</subfield>
    </datafield>
    <datafield tag="650" ind1=" " ind2="4">
      <subfield code="a">Verkehrskarte</subfield>
    </datafield>
    <datafield tag="651" ind1=" " ind2="4">
      <subfield code="a">Deutschland</subfield>
    </datafield>
    <datafield tag="841" ind1=" " ind2=" ">
      <subfield code="a">em__</subfield>
      <subfield code="b">1840</subfield>
      <subfield code="c">3</subfield>
    </datafield>
    <datafield tag="852" ind1=" " ind2=" ">
      <subfield code="a">DE-185</subfield>
      <subfield code="c">Historische Abteilung</subfield>
      <subfield code="m">HK 0193</subfield>
      <subfield code="t">179173001</subfield>
    </datafield>
    <datafield tag="856" ind1=" " ind2=" ">
      <subfield code="a">https://ifl.wissensbank.com/fastlink.html?search=179173000</subfield>
      <subfield code="3">permalink</subfield>
    </datafield>
    <datafield tag="856" ind1=" " ind2=" ">
      <subfield code="a">https://ifl.wissensbank.com/cgi-bin/starfetch.exe?HMP.X66T9fgthjbnixUiXo6lhZAjWL7wo0axtTXJbxP.i.HXN9Raevl5CM0hGxAs74xoeUOo7VG76TjIluRlUK36ZaDpk6BoYmP4JMhdjHfA8PhF1L9xB1FLvcR.WbJurfpOKzrvWNjHwvLmHl8LAQ/HK193.jpg</subfield>
      <subfield code="3">file</subfield>
    </datafield>
  </record>