
  <record>
    <leader>01250nem  22002893  4500</leader>
    <controlfield tag="001">179176000</controlfield>
    <controlfield tag="003">DE-185</controlfield>
    <controlfield tag="007">ta</controlfield>
    <controlfield tag="008">1867                             i|ger</controlfield>
    <datafield tag="041" ind1=" " ind2=" ">
      <subfield code="a">ger</subfield>
    </datafield>
    <datafield tag="084" ind1=" " ind2=" ">
      <subfield code="a">RG01 Nordafrika</subfield>
    </datafield>
    <datafield tag="225" ind1=" " ind2=" ">
      <subfield code="a">1:7.500.000</subfield>
      <subfield code="c">E 19°01'00"-E 51°39'00"/N 46°20'00"-N 24°01'00"</subfield>
    </datafield>
    <datafield tag="245" ind1="1" ind2="0">
      <subfield code="a">Das Mittelländische Meer Und Nord-Afrika</subfield>
      <subfield code="b">(Östliches Blatt)</subfield>
      <subfield code="c">Von A. Petermann. Bearbeitet v. L. Friederichsen u. Habenicht. Gest. v. Poppey u. Jungmann</subfield>
    </datafield>
    <datafield tag="260" ind1=" " ind2=" ">
      <subfield code="a">Gotha</subfield>
      <subfield code="b">Justus Perthes</subfield>
      <subfield code="c">1867</subfield>
    </datafield>
    <datafield tag="300" ind1=" " ind2=" ">
      <subfield code="a">1 Kt.</subfield>
      <subfield code="b">Grenzen kolor.</subfield>
      <subfield code="c">39 x 33 cm</subfield>
    </datafield>
    <datafield tag="337" ind1=" " ind2=" ">
      <subfield code="a">Karte</subfield>
    </datafield>
    <datafield tag="500" ind1=" " ind2=" ">
      <subfield code="a">Aus: Hand-Atlas Über Alle Theile Der Erde nach dem neuesten Zustande Und Über Das Weltgebäude / Herausgegeben von Adolf Stieler, 11 (Ausgabe in 63 Bl. No. XLIVb). - Maßstab in graph. Form (Geogr. Meilen, Naut. Meilen). - Titel oben rechts mit Legende darunter. - Nullmeridian: Ferro, Paris. - Mit 1 Nebenkt.: Das Nil-Delta u. Der Isthmus von Sués (1:1 500 000). - Relief: Schraffen. - Westliches Blatt = HK 0200</subfield>
    </datafield>
    <datafield tag="520" ind1="3" ind2="#">
      <subfield code="a">Verwaltungskarte von Nordafrika und dem östlichen Mittelmeer</subfield>
    </datafield>
    <datafield tag="650" ind1=" " ind2="4">
      <subfield code="a">Altkarte</subfield>
    </datafield>
    <datafield tag="650" ind1=" " ind2="4">
      <subfield code="a">Politische Karte</subfield>
    </datafield>
    <datafield tag="651" ind1=" " ind2="4">
      <subfield code="a">Nordafrika</subfield>
    </datafield>
    <datafield tag="700" ind1="2" ind2=" ">
      <subfield code="a">Stieler, Adolf</subfield>
    </datafield>
    <datafield tag="700" ind1="2" ind2=" ">
      <subfield code="a">Petermann, August</subfield>
    </datafield>
    <datafield tag="700" ind1="2" ind2=" ">
      <subfield code="a">Friederichsen, Ludwig</subfield>
    </datafield>
    <datafield tag="700" ind1="2" ind2=" ">
      <subfield code="a">Habenicht, Hermann</subfield>
      <subfield code="1">116349174</subfield>
    </datafield>
    <datafield tag="700" ind1="2" ind2=" ">
      <subfield code="a">Jungmann, Carl</subfield>
      <subfield code="1">124751644</subfield>
    </datafield>
    <datafield tag="700" ind1="2" ind2=" ">
      <subfield code="a">Poppey, Karl T.</subfield>
    </datafield>
    <datafield tag="700" ind1="2" ind2=" ">
      <subfield code="a">Perthes, Justus</subfield>
    </datafield>
    <datafield tag="841" ind1=" " ind2=" ">
      <subfield code="a">em__</subfield>
      <subfield code="b">1867</subfield>
      <subfield code="c">3</subfield>
    </datafield>
    <datafield tag="852" ind1=" " ind2=" ">
      <subfield code="a">DE-185</subfield>
      <subfield code="c">Historische Abteilung</subfield>
      <subfield code="m">HK 0196</subfield>
      <subfield code="t">179176001</subfield>
    </datafield>
    <datafield tag="856" ind1=" " ind2=" ">
      <subfield code="a">https://ifl.wissensbank.com/fastlink.html?search=179176000</subfield>
      <subfield code="3">permalink</subfield>
    </datafield>
    <datafield tag="856" ind1=" " ind2=" ">
      <subfield code="a">https://ifl.wissensbank.com/cgi-bin/starfetch.exe?15aYqwXkJ2h6icWZt864H4wI@VDwws1mtsjmQFKp2T5Z54V4fzNFgjh0Ngl4UjfdI@Lwp8kinan6vlN41P5QcOM2UaEgoELtiuQT2Gd65DvwMSqJyguZL@ZdlqAKu9dYmWTUFNcf5nnTOPST6O6pCg/HK%200196.jpg</subfield>
      <subfield code="3">file</subfield>
    </datafield>
  </record>