
  <record>
    <leader>01250nem  22002893  4500</leader>
    <controlfield tag="001">179177000</controlfield>
    <controlfield tag="003">DE-185</controlfield>
    <controlfield tag="007">ta</controlfield>
    <controlfield tag="008">1856                             i|ger</controlfield>
    <datafield tag="041" ind1=" " ind2=" ">
      <subfield code="a">ger</subfield>
    </datafield>
    <datafield tag="084" ind1=" " ind2=" ">
      <subfield code="a">RA02.11 Nordseeraum/Nordsee</subfield>
    </datafield>
    <datafield tag="084" ind1=" " ind2=" ">
      <subfield code="a">RA04.02 Vereinigtes Königreich</subfield>
    </datafield>
    <datafield tag="225" ind1=" " ind2=" ">
      <subfield code="c">W 11°58'00"-E 8°49'00"/N 60°52'00"-N 49°10'00"</subfield>
    </datafield>
    <datafield tag="245" ind1="1" ind2="0">
      <subfield code="a">Die Britischen Inseln und die Nord-See</subfield>
      <subfield code="c">gez. v. F. v. Stülpnagel. Mit Zusätzen v. A. Petermann. M[etzerot]h sc[ulpsit]</subfield>
    </datafield>
    <datafield tag="260" ind1=" " ind2=" ">
      <subfield code="a">Gotha</subfield>
      <subfield code="b">Justus Perthes</subfield>
      <subfield code="c">1856</subfield>
    </datafield>
    <datafield tag="300" ind1=" " ind2=" ">
      <subfield code="a">1 Kt.</subfield>
      <subfield code="b">Grenzen kolor.</subfield>
      <subfield code="c">38 x 34 cm</subfield>
    </datafield>
    <datafield tag="337" ind1=" " ind2=" ">
      <subfield code="a">Karte</subfield>
    </datafield>
    <datafield tag="500" ind1=" " ind2=" ">
      <subfield code="a">Maßstab in graph. Form (Geographische Meilen, Englische Meilen). - Titel unten links. - Mit 3 Nebenkt.: Umgebungen von London. Hafen von Portsmouth. Hafen von Plymouth. - Mit Tiefenangaben. - Aus: Hand-Atlas Über Alle Theile Der Erde nach dem neuesten Zustande Und Über Das Weltgebäude / Herausgegeben von Adolf Stieler, 15a (Ausgabe in 63 Bl. No. XVII). - Relief: Schraffen</subfield>
    </datafield>
    <datafield tag="520" ind1="3" ind2="#">
      <subfield code="a">Karte der Britischen Inseln und der Nordsee mit Eisenbahnlinien etc.</subfield>
    </datafield>
    <datafield tag="650" ind1=" " ind2="4">
      <subfield code="a">Altkarte</subfield>
    </datafield>
    <datafield tag="651" ind1=" " ind2="4">
      <subfield code="a">Nordsee</subfield>
    </datafield>
    <datafield tag="651" ind1=" " ind2="4">
      <subfield code="a">Großbritannien</subfield>
    </datafield>
    <datafield tag="651" ind1=" " ind2="4">
      <subfield code="a">Britische Inseln (British Isles)</subfield>
    </datafield>
    <datafield tag="700" ind1="2" ind2=" ">
      <subfield code="a">Stieler, Adolf</subfield>
    </datafield>
    <datafield tag="700" ind1="2" ind2=" ">
      <subfield code="a">Stülpnagel, Friedrich von</subfield>
    </datafield>
    <datafield tag="700" ind1="2" ind2=" ">
      <subfield code="a">Petermann, August</subfield>
    </datafield>
    <datafield tag="700" ind1="2" ind2=" ">
      <subfield code="a">Metzeroth, Carl</subfield>
    </datafield>
    <datafield tag="700" ind1="2" ind2=" ">
      <subfield code="a">Perthes, Justus</subfield>
    </datafield>
    <datafield tag="841" ind1=" " ind2=" ">
      <subfield code="a">em__</subfield>
      <subfield code="b">1856</subfield>
      <subfield code="c">3</subfield>
    </datafield>
    <datafield tag="852" ind1=" " ind2=" ">
      <subfield code="a">DE-185</subfield>
      <subfield code="c">Historische Abteilung</subfield>
      <subfield code="m">HK 0197</subfield>
      <subfield code="t">179177001</subfield>
    </datafield>
    <datafield tag="856" ind1=" " ind2=" ">
      <subfield code="a">https://ifl.wissensbank.com/fastlink.html?search=179177000</subfield>
      <subfield code="3">permalink</subfield>
    </datafield>
    <datafield tag="856" ind1=" " ind2=" ">
      <subfield code="a">https://ifl.wissensbank.com/cgi-bin/starfetch.exe?3HIClBSwfQvV1PX92pdT64IR@KuDBNhROViDFAnxXsWRfWXDcxGnFgLMkXD6Zugon01RfKBsneVj1ip.cfMUoHNDPlPljE9SEvLy2kGVDqZdX4ffenhA93dQLAKHa5gcFEwpnOUDtyrdIjOi4qJG.Q/HK%200197.jpg</subfield>
      <subfield code="3">file</subfield>
    </datafield>
  </record>