
  <record>
    <leader>01250nem  22002893  4500</leader>
    <controlfield tag="001">179180000</controlfield>
    <controlfield tag="003">DE-185</controlfield>
    <controlfield tag="007">ta</controlfield>
    <controlfield tag="008">1867                             i|ger</controlfield>
    <datafield tag="041" ind1=" " ind2=" ">
      <subfield code="a">ger</subfield>
    </datafield>
    <datafield tag="084" ind1=" " ind2=" ">
      <subfield code="a">RG01 Nordafrika</subfield>
    </datafield>
    <datafield tag="225" ind1=" " ind2=" ">
      <subfield code="a">1:7.500.000</subfield>
      <subfield code="c">W 13°18'00"-E 18°35'00"/N 46°26'00"-N 25°00'00"</subfield>
    </datafield>
    <datafield tag="245" ind1="1" ind2="0">
      <subfield code="a">Das Mittelländische Meer Und Nord-Afrika</subfield>
      <subfield code="b">(Westliches Blatt)</subfield>
      <subfield code="c">Von A. Petermann. Gest. v. Poppey u. Jungmann</subfield>
    </datafield>
    <datafield tag="260" ind1=" " ind2=" ">
      <subfield code="a">Gotha</subfield>
      <subfield code="b">Justus Perthes</subfield>
      <subfield code="c">1867</subfield>
    </datafield>
    <datafield tag="300" ind1=" " ind2=" ">
      <subfield code="a">1 Kt.</subfield>
      <subfield code="b">Grenzen kolor.</subfield>
      <subfield code="c">39 x 32 cm</subfield>
    </datafield>
    <datafield tag="337" ind1=" " ind2=" ">
      <subfield code="a">Karte</subfield>
    </datafield>
    <datafield tag="500" ind1=" " ind2=" ">
      <subfield code="a">Aus: Hand-Atlas Über Alle Theile Der Erde nach dem neuesten Zustande Und Über Das Weltgebäude / Herausgegeben von Adolf Stieler, 10 (Ausgabe in 63 Bl. No. XLIVa). - Maßstab in graph. Form (Geogr. Meilen, Naut. Meilen). - Titel oben links mit Erl. zur politischen Einteilung und Legende darunter. - Nullmeridian: Paris, Ferro, Greenwich. - Mit 2 Nebenkt.: Die Maltesischen Inseln (1:500 000). Gibraltar (1:150 000). - Mit Tiefenangaben. - Erl. zu Reiserouten unten links. - Relief: Schraffen. - Östliches Blatt = HK 0196</subfield>
    </datafield>
    <datafield tag="520" ind1="3" ind2="#">
      <subfield code="a">Verwaltungskarte von Nordafrika und dem westlichen Mittelmeer mit Verlaufslinien der unterseeischen Telegrafen, Routen der Entdeckungsreisenden in der Sahara etc.</subfield>
    </datafield>
    <datafield tag="650" ind1=" " ind2="4">
      <subfield code="a">Altkarte</subfield>
    </datafield>
    <datafield tag="650" ind1=" " ind2="4">
      <subfield code="a">Politische Karte</subfield>
    </datafield>
    <datafield tag="651" ind1=" " ind2="4">
      <subfield code="a">Nordafrika</subfield>
    </datafield>
    <datafield tag="700" ind1="2" ind2=" ">
      <subfield code="a">Stieler, Adolf</subfield>
    </datafield>
    <datafield tag="700" ind1="2" ind2=" ">
      <subfield code="a">Petermann, August</subfield>
    </datafield>
    <datafield tag="700" ind1="2" ind2=" ">
      <subfield code="a">Poppey, Karl T.</subfield>
    </datafield>
    <datafield tag="700" ind1="2" ind2=" ">
      <subfield code="a">Jungmann, Carl</subfield>
      <subfield code="1">124751644</subfield>
    </datafield>
    <datafield tag="700" ind1="2" ind2=" ">
      <subfield code="a">Perthes, Justus</subfield>
    </datafield>
    <datafield tag="841" ind1=" " ind2=" ">
      <subfield code="a">em__</subfield>
      <subfield code="b">1867</subfield>
      <subfield code="c">3</subfield>
    </datafield>
    <datafield tag="852" ind1=" " ind2=" ">
      <subfield code="a">DE-185</subfield>
      <subfield code="c">Historische Abteilung</subfield>
      <subfield code="m">HK 0200</subfield>
      <subfield code="t">179180001</subfield>
    </datafield>
    <datafield tag="856" ind1=" " ind2=" ">
      <subfield code="a">https://ifl.wissensbank.com/fastlink.html?search=179180000</subfield>
      <subfield code="3">permalink</subfield>
    </datafield>
    <datafield tag="856" ind1=" " ind2=" ">
      <subfield code="a">https://ifl.wissensbank.com/cgi-bin/starfetch.exe?AuuGmF4dQ8i7LVDD.Y5OxFavwGMg6d2SfX8aJJc@Jl500KJ9I2mFs3T529tj2V1nfHTaVD3aU@t@.zRQ9KSGQuQBWkQSlHLvhChjbJn@Ees4SZ@qPoVmMUdKkGU7gYdu@lC780O0wm3oYkeD17cnXQ/HK%200200.jpg</subfield>
      <subfield code="3">file</subfield>
    </datafield>
  </record>