
  <record>
    <leader>01250nem  22002893  4500</leader>
    <controlfield tag="001">179184000</controlfield>
    <controlfield tag="003">DE-185</controlfield>
    <controlfield tag="007">ta</controlfield>
    <controlfield tag="008">1750                             i|</controlfield>
    <datafield tag="084" ind1=" " ind2=" ">
      <subfield code="a">RI03.01 China</subfield>
    </datafield>
    <datafield tag="225" ind1=" " ind2=" ">
      <subfield code="c">E 96°42'00"-E 124°36'00"/N 43°11'00"-N 18°07'00"</subfield>
    </datafield>
    <datafield tag="245" ind1="1" ind2="0">
      <subfield code="a">Regni Sinae vel Sinae Propriae Mappa et Descriptio Geographica</subfield>
      <subfield code="b">ex mappis particularibus, quas Sinarum Rex Canghi opera patrum Missionariorum é S[ocietas] I[esu] in provincias regni universi ejus rei gratia ablegatorum concinnari fecit, perfecta, Publicoque primum communicata in opere magnificentissimo R. P. du Halde et ab Anvillaeo Gall. Reg. Geographo ; Cum Priv. S. Caes. Maj. nec non Reg. Maj. Pol. et Elect. Saxon.</subfield>
      <subfield code="c">in compendiosiorem hanc formam reducta, nunc secundum magis legitimas projectionis Stereographicae leges reformata, studio Ioh. Matth. Hasii Math. P. P. Impensis Homannianorum Heredum</subfield>
    </datafield>
    <datafield tag="260" ind1=" " ind2=" ">
      <subfield code="a">[Nürnberg]</subfield>
      <subfield code="b">Homanniani Heredes [Homannsche Erben]</subfield>
      <subfield code="c">[ca. 1750]</subfield>
    </datafield>
    <datafield tag="300" ind1=" " ind2=" ">
      <subfield code="a">1 Kt.</subfield>
      <subfield code="b">Flächenkolor.</subfield>
      <subfield code="c">50 x 56 cm</subfield>
    </datafield>
    <datafield tag="337" ind1=" " ind2=" ">
      <subfield code="a">Karte</subfield>
    </datafield>
    <datafield tag="500" ind1=" " ind2=" ">
      <subfield code="a">Maßstab in graph Form (Mill. Germanica, Leucae Gall.). - Nullmeridian: Peking. - Titelkartusche unten rechts. - Maßstabskartusche unten links. - Relief: Ketten, Einzelberge</subfield>
    </datafield>
    <datafield tag="520" ind1="3" ind2="#">
      <subfield code="a">Verwaltungskarte des Chinesischen Reichs</subfield>
    </datafield>
    <datafield tag="650" ind1=" " ind2="4">
      <subfield code="a">Altkarte</subfield>
    </datafield>
    <datafield tag="650" ind1=" " ind2="4">
      <subfield code="a">Verwaltungskarte</subfield>
    </datafield>
    <datafield tag="651" ind1=" " ind2="4">
      <subfield code="a">China</subfield>
    </datafield>
    <datafield tag="700" ind1="2" ind2=" ">
      <subfield code="a">Haas, Johann Matthias</subfield>
    </datafield>
    <datafield tag="700" ind1="2" ind2=" ">
      <subfield code="a">Anville, Jean-Baptiste Bourguignon d'</subfield>
    </datafield>
    <datafield tag="700" ind1="2" ind2=" ">
      <subfield code="a">Du Halde, Jean Baptiste</subfield>
    </datafield>
    <datafield tag="841" ind1=" " ind2=" ">
      <subfield code="a">em__</subfield>
      <subfield code="b">1750</subfield>
      <subfield code="c">3</subfield>
    </datafield>
    <datafield tag="852" ind1=" " ind2=" ">
      <subfield code="a">DE-185</subfield>
      <subfield code="c">Historische Abteilung</subfield>
      <subfield code="m">HK 0220</subfield>
      <subfield code="t">179184001</subfield>
    </datafield>
    <datafield tag="856" ind1=" " ind2=" ">
      <subfield code="a">https://ifl.wissensbank.com/fastlink.html?search=179184000</subfield>
      <subfield code="3">permalink</subfield>
    </datafield>
    <datafield tag="856" ind1=" " ind2=" ">
      <subfield code="a">https://ifl.wissensbank.com/cgi-bin/starfetch.exe?4wPQ5MeiqKNyu2ttuT3A@oGlDApkmXFWn.uxxreKSCt3x3rLukZ6dBUVK@cuLqWoGXAvMmIuh0EJJoKi.Y7EWSkXP8EF.ya4OkjXrI4w63O7crp1ZU7o2fEjGTCtyN5dcEGC0DYF.y9rKAer1UP3DA/HK220.jpg</subfield>
      <subfield code="3">file</subfield>
    </datafield>
  </record>