
  <record>
    <leader>01250nem  22002893  4500</leader>
    <controlfield tag="001">179186000</controlfield>
    <controlfield tag="003">DE-185</controlfield>
    <controlfield tag="007">ta</controlfield>
    <controlfield tag="008">1807                             i|ger</controlfield>
    <datafield tag="041" ind1=" " ind2=" ">
      <subfield code="a">ger</subfield>
    </datafield>
    <datafield tag="084" ind1=" " ind2=" ">
      <subfield code="a">RD04.01 Andenländer</subfield>
    </datafield>
    <datafield tag="245" ind1="1" ind2="0">
      <subfield code="a">Geographie der Pflanzen in den Tropen-Ländern</subfield>
      <subfield code="b">Naturgemälde der Anden, gegründet auf Beobachtungen und Messungen, welche vom 10.ten Grade nördlicher bis 10.ten Grade südlicher Breite angestellt worden sind, in den Jahren 1799 bis 1803 von Alexander von Humboldt und A. G. Bonpland</subfield>
      <subfield code="c">Entworfen von A. von Humboldt. Gezeichnet 1805 in Paris von Schönberger und Turpin, gest. von Bouquet, die Schrift von L. Aubert, gedruckt von Langlois</subfield>
    </datafield>
    <datafield tag="260" ind1=" " ind2=" ">
      <subfield code="a">Paris</subfield>
      <subfield code="b">Langlois</subfield>
      <subfield code="c">[1807]</subfield>
    </datafield>
    <datafield tag="300" ind1=" " ind2=" ">
      <subfield code="a">1 Kt.</subfield>
      <subfield code="b">Kolor.</subfield>
      <subfield code="c">45 x 37 cm</subfield>
    </datafield>
    <datafield tag="337" ind1=" " ind2=" ">
      <subfield code="a">Karte</subfield>
    </datafield>
    <datafield tag="500" ind1=" " ind2=" ">
      <subfield code="a">Ohne Maßstab. - Titel unten. - Höhenmessungen, Bodenbeschaffenheit, Vegetation u.ä. in Tabellen links und rechts der Karte. - Aus: Humboldt, A.: Ideen zu einer Geographie der Pflanzen. Tübingen 1807. - Relief: Einzelberge</subfield>
    </datafield>
    <datafield tag="520" ind1="3" ind2="#">
      <subfield code="a">Querschnitt durch die Anden mit Vegetationsangaben</subfield>
    </datafield>
    <datafield tag="650" ind1=" " ind2="4">
      <subfield code="a">Altkarte</subfield>
    </datafield>
    <datafield tag="650" ind1=" " ind2="4">
      <subfield code="a">Vegetationsgeographie</subfield>
    </datafield>
    <datafield tag="650" ind1=" " ind2="4">
      <subfield code="a">Höhenstufen</subfield>
    </datafield>
    <datafield tag="650" ind1=" " ind2="4">
      <subfield code="a">Vegetationszone</subfield>
    </datafield>
    <datafield tag="651" ind1=" " ind2="4">
      <subfield code="a">Andenländer</subfield>
    </datafield>
    <datafield tag="700" ind1="2" ind2=" ">
      <subfield code="a">Humboldt, Alexander von</subfield>
      <subfield code="1">118554700</subfield>
    </datafield>
    <datafield tag="700" ind1="2" ind2=" ">
      <subfield code="a">Bonpland, Aimé</subfield>
    </datafield>
    <datafield tag="700" ind1="2" ind2=" ">
      <subfield code="a">Aubert, Jean-Louis</subfield>
    </datafield>
    <datafield tag="700" ind1="2" ind2=" ">
      <subfield code="a">Turpin, Pierre Jean François</subfield>
    </datafield>
    <datafield tag="700" ind1="2" ind2=" ">
      <subfield code="a">Bouquet, Louis</subfield>
    </datafield>
    <datafield tag="700" ind1="2" ind2=" ">
      <subfield code="a">Schönberger, Lorenz Adolf</subfield>
    </datafield>
    <datafield tag="700" ind1="2" ind2=" ">
      <subfield code="a">Langlois, ...</subfield>
    </datafield>
    <datafield tag="841" ind1=" " ind2=" ">
      <subfield code="a">em__</subfield>
      <subfield code="b">1807</subfield>
      <subfield code="c">3</subfield>
    </datafield>
    <datafield tag="852" ind1=" " ind2=" ">
      <subfield code="a">DE-185</subfield>
      <subfield code="c">Historische Abteilung</subfield>
      <subfield code="m">HK 0222</subfield>
      <subfield code="t">179186001</subfield>
    </datafield>
    <datafield tag="856" ind1=" " ind2=" ">
      <subfield code="a">https://ifl.wissensbank.com/fastlink.html?search=179186000</subfield>
      <subfield code="3">permalink</subfield>
    </datafield>
    <datafield tag="856" ind1=" " ind2=" ">
      <subfield code="a">https://ifl.wissensbank.com/cgi-bin/starfetch.exe?JQY7DnBYLD6vVNtSIvfv9tX72QdZ28tzUS.uGZSneCjuG54HKlM3dkI9QcWqFmI8r9fRYDUfCmffdODqJYtov@CYXsqi9T9XeLAfyYSlOlj0c19Dmo@eACdWZbLwti@I6wOHVqsKL3XnQO41IZ.OMg/HK222.jpg</subfield>
      <subfield code="3">file</subfield>
    </datafield>
  </record>