
  <record>
    <leader>01250nem  22002893  4500</leader>
    <controlfield tag="001">179188000</controlfield>
    <controlfield tag="003">DE-185</controlfield>
    <controlfield tag="007">ta</controlfield>
    <controlfield tag="008">1734                             i|dut</controlfield>
    <datafield tag="041" ind1=" " ind2=" ">
      <subfield code="a">dut</subfield>
    </datafield>
    <datafield tag="084" ind1=" " ind2=" ">
      <subfield code="a">RL04 Mittelmeer/Mittelmeerraum</subfield>
    </datafield>
    <datafield tag="225" ind1=" " ind2=" ">
      <subfield code="c">E 7°34'00"-E 10°41'00"/N 43°06'00"-N 41°37'00"</subfield>
    </datafield>
    <datafield tag="245" ind1="1" ind2="0">
      <subfield code="a">Nieuwe En Nette Afteekening Van Het Eyland Corsica En Het Eyland Elba Vertoonende alle desselfs Havenen, Steeden En Rivieren</subfield>
      <subfield code="c">[Gerard H. van Keulen]</subfield>
    </datafield>
    <datafield tag="260" ind1=" " ind2=" ">
      <subfield code="a">[Amsterdam]</subfield>
      <subfield code="c">[ca. 1734]</subfield>
    </datafield>
    <datafield tag="300" ind1=" " ind2=" ">
      <subfield code="a">1 Kt.</subfield>
      <subfield code="b">flächenkolor.</subfield>
      <subfield code="c">29 x 47 cm</subfield>
    </datafield>
    <datafield tag="337" ind1=" " ind2=" ">
      <subfield code="a">Karte</subfield>
    </datafield>
    <datafield tag="500" ind1=" " ind2=" ">
      <subfield code="a">O oben. - Maßstab in graph. Form (Duytsche Myl., Italiaansche Mylen). - Titel oben. - Mit 1 Nebenkt.: Eyland Elba of Ilva int Groot. - Wappen von Korsika unten rechts. - Mit Tiefenangaben. - Linker Teil eines Doppelblattes: Keulen, Gerard H. van: Nieuwe En Nette Afteekening van het Eyland of Koninkryk Sardinia Vertoonende alle desselfs Zee Havenen Anker Plaetsen Rivieren. - Relief: angedeutet</subfield>
    </datafield>
    <datafield tag="520" ind1="3" ind2="#">
      <subfield code="a">Karte des Westteils von Korsika und Elba</subfield>
    </datafield>
    <datafield tag="650" ind1=" " ind2="4">
      <subfield code="a">Altkarte</subfield>
    </datafield>
    <datafield tag="650" ind1=" " ind2="4">
      <subfield code="a">Meer</subfield>
    </datafield>
    <datafield tag="651" ind1=" " ind2="4">
      <subfield code="a">Mittelmeer</subfield>
    </datafield>
    <datafield tag="651" ind1=" " ind2="4">
      <subfield code="a">Corse</subfield>
    </datafield>
    <datafield tag="651" ind1=" " ind2="4">
      <subfield code="a">Elba</subfield>
    </datafield>
    <datafield tag="651" ind1=" " ind2="4">
      <subfield code="a">Tyrrhenische Meer</subfield>
    </datafield>
    <datafield tag="700" ind1="2" ind2=" ">
      <subfield code="a">Keulen, Gerard van</subfield>
    </datafield>
    <datafield tag="841" ind1=" " ind2=" ">
      <subfield code="a">em__</subfield>
      <subfield code="b">1734</subfield>
      <subfield code="c">3</subfield>
    </datafield>
    <datafield tag="852" ind1=" " ind2=" ">
      <subfield code="a">DE-185</subfield>
      <subfield code="c">Historische Abteilung</subfield>
      <subfield code="m">HK 0224</subfield>
      <subfield code="t">179188001</subfield>
    </datafield>
    <datafield tag="856" ind1=" " ind2=" ">
      <subfield code="a">https://ifl.wissensbank.com/fastlink.html?search=179188000</subfield>
      <subfield code="3">permalink</subfield>
    </datafield>
    <datafield tag="856" ind1=" " ind2=" ">
      <subfield code="a">https://ifl.wissensbank.com/cgi-bin/starfetch.exe?C2gbJfivF5tmN4qgLR6ghcqQWBNJE.nRqmQK.NYU8unsvpb1D65Dx7ujbOvSEURHwwMvw5ZZPMIRdsL7UrmjePLorhczJFkIsw6Gl8xswqMK238HMhaJ6DEUu1JCuK81jT@9NIvCIJfQhHT0o3oxmg/HK%200224.jpg</subfield>
      <subfield code="3">file</subfield>
    </datafield>
  </record>