
  <record>
    <leader>01250nem  22002893  4500</leader>
    <controlfield tag="001">179189000</controlfield>
    <controlfield tag="003">DE-185</controlfield>
    <controlfield tag="007">ta</controlfield>
    <controlfield tag="008">1879                             i|por</controlfield>
    <datafield tag="041" ind1=" " ind2=" ">
      <subfield code="a">por</subfield>
    </datafield>
    <datafield tag="084" ind1=" " ind2=" ">
      <subfield code="a">RF06 Afrikanische Inseln und andere Gebiete Afrikas</subfield>
    </datafield>
    <datafield tag="225" ind1=" " ind2=" ">
      <subfield code="c">W 17°23'49"-W 17°05'38"/N 32°56'51"-N 32°39'15"</subfield>
    </datafield>
    <datafield tag="245" ind1="1" ind2="0">
      <subfield code="a">[Carta Geo-Hydrographica da Ilha da Madeira e dos Ilheus Baixos Adjacentes]</subfield>
      <subfield code="b">[linker Teil]</subfield>
      <subfield code="c">[Levantada collectivamente em 1842-43 pelos officiais do Vapor de Guerra Britannico Styx e o Capitão do Corpo de Engenheiros Antonio Pedro d'Azevedo, hoje General de Divisão Reformado. J. F. M. Palha gr.]</subfield>
    </datafield>
    <datafield tag="260" ind1=" " ind2=" ">
      <subfield code="a">[Lisboa]</subfield>
      <subfield code="c">[1879]</subfield>
    </datafield>
    <datafield tag="300" ind1=" " ind2=" ">
      <subfield code="a">1 Kt. [auf 3 Bl.]</subfield>
      <subfield code="b">teilw. kolor.</subfield>
      <subfield code="c">87 x 69 cm</subfield>
    </datafield>
    <datafield tag="337" ind1=" " ind2=" ">
      <subfield code="a">Karte</subfield>
    </datafield>
    <datafield tag="500" ind1=" " ind2=" ">
      <subfield code="a">Ohne Maßstab. - Linker Teil einer dreiteiligen Großkarte von Madeira ohne Titel, Verfasser etc. - Mit 5 Profilen. - Mit Tiefenangaben. - Mit Reiseroute. - Relief: Schraffen</subfield>
    </datafield>
    <datafield tag="520" ind1="3" ind2="#">
      <subfield code="a">Großkarte, Küstenkarte von Madeira mit Städten, Flüssen etc.</subfield>
    </datafield>
    <datafield tag="650" ind1=" " ind2="4">
      <subfield code="a">Altkarte</subfield>
    </datafield>
    <datafield tag="651" ind1=" " ind2="4">
      <subfield code="a">Afrikanische Inseln im Atlantischen Ozean</subfield>
    </datafield>
    <datafield tag="651" ind1=" " ind2="4">
      <subfield code="a">Madeira</subfield>
    </datafield>
    <datafield tag="700" ind1="2" ind2=" ">
      <subfield code="a">Palha, João Fradique de Moura</subfield>
    </datafield>
    <datafield tag="700" ind1="2" ind2=" ">
      <subfield code="a">Azevedo, Antonio Pedro d'</subfield>
    </datafield>
    <datafield tag="841" ind1=" " ind2=" ">
      <subfield code="a">em__</subfield>
      <subfield code="b">1879</subfield>
      <subfield code="c">3</subfield>
    </datafield>
    <datafield tag="852" ind1=" " ind2=" ">
      <subfield code="a">DE-185</subfield>
      <subfield code="c">Historische Abteilung</subfield>
      <subfield code="m">HK 0225</subfield>
      <subfield code="t">179189001</subfield>
    </datafield>
    <datafield tag="856" ind1=" " ind2=" ">
      <subfield code="a">https://ifl.wissensbank.com/fastlink.html?search=179189000</subfield>
      <subfield code="3">permalink</subfield>
    </datafield>
    <datafield tag="856" ind1=" " ind2=" ">
      <subfield code="a">https://ifl.wissensbank.com/cgi-bin/starfetch.exe?0J4V7WZ5VXOhCbshz0vneVdGKG2cfdh4XKXmXWNmhs8IHg3Cqmu0cJwXsNkJNLFoSuNjkHayV5t70mrVmnVtAQ0QCoJm19g@qofmqSmQdGXn3ClSFtjv3vvKj65KEiul9k7Zr5xaZ9AZfapOJIHHTw/HK225.jpg</subfield>
      <subfield code="3">file</subfield>
    </datafield>
  </record>