
  <record>
    <leader>01250nem  22002893  4500</leader>
    <controlfield tag="001">179195000</controlfield>
    <controlfield tag="003">DE-185</controlfield>
    <controlfield tag="007">ta</controlfield>
    <controlfield tag="008">1807                             i|ger</controlfield>
    <datafield tag="041" ind1=" " ind2=" ">
      <subfield code="a">ger</subfield>
    </datafield>
    <datafield tag="084" ind1=" " ind2=" ">
      <subfield code="a">RA Europa</subfield>
    </datafield>
    <datafield tag="225" ind1=" " ind2=" ">
      <subfield code="c">W 27°20'00"-E 81°37'00"/N 71°19'00"-N 30°46'00"</subfield>
    </datafield>
    <datafield tag="245" ind1="1" ind2="0">
      <subfield code="a">Charte von Europa</subfield>
      <subfield code="b">Durch Bemerkung der neuesten Gränzen berichtigt ; Mit K[öniglicher] Bair[ischer] allergn[ädigster] Freyheit</subfield>
      <subfield code="c">Nach astronomischen Bestimmungen der vornehmsten Orte und dem dermaligen Bestande der Staaten entworfen von F. L. Güssefeld</subfield>
    </datafield>
    <datafield tag="260" ind1=" " ind2=" ">
      <subfield code="a">Nürnberg</subfield>
      <subfield code="b">Homanns Erben</subfield>
      <subfield code="c">1807</subfield>
    </datafield>
    <datafield tag="300" ind1=" " ind2=" ">
      <subfield code="a">1 Kt.</subfield>
      <subfield code="b">Flächenkolor.</subfield>
      <subfield code="c">54 x 43 cm</subfield>
    </datafield>
    <datafield tag="337" ind1=" " ind2=" ">
      <subfield code="a">Karte</subfield>
    </datafield>
    <datafield tag="500" ind1=" " ind2=" ">
      <subfield code="a">Maßstab in graph. Form (Deutsche Meilen, Engländische Meilen). - Nullmeridian: Ferro. - Titel und Maßstab unten rechts. - Relief: angedeutet</subfield>
    </datafield>
    <datafield tag="520" ind1="3" ind2="#">
      <subfield code="a">Politische Karte Europas</subfield>
    </datafield>
    <datafield tag="650" ind1=" " ind2="4">
      <subfield code="a">Altkarte</subfield>
    </datafield>
    <datafield tag="650" ind1=" " ind2="4">
      <subfield code="a">Politische Karte</subfield>
    </datafield>
    <datafield tag="651" ind1=" " ind2="4">
      <subfield code="a">Europa</subfield>
    </datafield>
    <datafield tag="700" ind1="2" ind2=" ">
      <subfield code="a">Güssefeld, Franz Ludwig</subfield>
    </datafield>
    <datafield tag="841" ind1=" " ind2=" ">
      <subfield code="a">em__</subfield>
      <subfield code="b">1807</subfield>
      <subfield code="c">3</subfield>
    </datafield>
    <datafield tag="852" ind1=" " ind2=" ">
      <subfield code="a">DE-185</subfield>
      <subfield code="c">Historische Abteilung</subfield>
      <subfield code="m">HK 0260</subfield>
      <subfield code="t">179195001</subfield>
    </datafield>
    <datafield tag="856" ind1=" " ind2=" ">
      <subfield code="a">https://ifl.wissensbank.com/fastlink.html?search=179195000</subfield>
      <subfield code="3">permalink</subfield>
    </datafield>
    <datafield tag="856" ind1=" " ind2=" ">
      <subfield code="a">https://ifl.wissensbank.com/cgi-bin/starfetch.exe?zF21pbSEj07X414ar8OG8Adm5m2s9KjcoE8T73f4jcQSV52sBMMJPZbETmBMaQeh9eYwT@QnAwLgPPVtiwStbdW6p67BJXDmaUGLa.kIIw2FQmjR2Nv0ntPdxHrx97JvZt9oLWmf82cSMjZ2OUbC8A/HK260.jpg</subfield>
      <subfield code="3">file</subfield>
    </datafield>
  </record>