
  <record>
    <leader>01250nem  22002893  4500</leader>
    <controlfield tag="001">179201000</controlfield>
    <controlfield tag="003">DE-185</controlfield>
    <controlfield tag="007">ta</controlfield>
    <controlfield tag="008">1826                             i|ger</controlfield>
    <datafield tag="041" ind1=" " ind2=" ">
      <subfield code="a">ger</subfield>
    </datafield>
    <datafield tag="084" ind1=" " ind2=" ">
      <subfield code="a">RA05.01 Deutschland</subfield>
    </datafield>
    <datafield tag="225" ind1=" " ind2=" ">
      <subfield code="c">E 2°19'00"-E 20°01'00"/N 54°58'00"-N 45°00'00"</subfield>
    </datafield>
    <datafield tag="245" ind1="1" ind2="0">
      <subfield code="a">Neueste Charte von Teutschland</subfield>
      <subfield code="b">in seine Bundesstaaten eingetheilt zufolge der Bestimmungen des Wiener Congresses des Pariser Friedens vom 21ten Nov. 1815. und der neuesten Austauschungen</subfield>
      <subfield code="c">bey Iohannes Walch</subfield>
    </datafield>
    <datafield tag="260" ind1=" " ind2=" ">
      <subfield code="a">Augsburg</subfield>
      <subfield code="b">Johann Walch</subfield>
      <subfield code="c">1826</subfield>
    </datafield>
    <datafield tag="300" ind1=" " ind2=" ">
      <subfield code="a">1 Kt.</subfield>
      <subfield code="b">Grenzen kolor.</subfield>
      <subfield code="c">54 x 47 cm</subfield>
    </datafield>
    <datafield tag="337" ind1=" " ind2=" ">
      <subfield code="a">Karte</subfield>
    </datafield>
    <datafield tag="500" ind1=" " ind2=" ">
      <subfield code="a">Maßstab in graph. Form (Teutsche od. geograph. Meilen). - Nullmeridian: Ferro. - Titel unten links. - Abk.-Verz. über Titel. - Erl. unten rechts. - Relief: Schraffen</subfield>
    </datafield>
    <datafield tag="520" ind1="3" ind2="#">
      <subfield code="a">Verwaltungskarte des Deutschen Bundes</subfield>
    </datafield>
    <datafield tag="650" ind1=" " ind2="4">
      <subfield code="a">Altkarte</subfield>
    </datafield>
    <datafield tag="650" ind1=" " ind2="4">
      <subfield code="a">Politische Karte</subfield>
    </datafield>
    <datafield tag="650" ind1=" " ind2="4">
      <subfield code="a">Verwaltungskarte</subfield>
    </datafield>
    <datafield tag="651" ind1=" " ind2="4">
      <subfield code="a">Deutschland</subfield>
    </datafield>
    <datafield tag="700" ind1="2" ind2=" ">
      <subfield code="a">Walch, Johannes</subfield>
    </datafield>
    <datafield tag="841" ind1=" " ind2=" ">
      <subfield code="a">em__</subfield>
      <subfield code="b">1826</subfield>
      <subfield code="c">3</subfield>
    </datafield>
    <datafield tag="852" ind1=" " ind2=" ">
      <subfield code="a">DE-185</subfield>
      <subfield code="c">Historische Abteilung</subfield>
      <subfield code="m">HK 0280</subfield>
      <subfield code="t">179201001</subfield>
    </datafield>
    <datafield tag="856" ind1=" " ind2=" ">
      <subfield code="a">https://ifl.wissensbank.com/fastlink.html?search=179201000</subfield>
      <subfield code="3">permalink</subfield>
    </datafield>
    <datafield tag="856" ind1=" " ind2=" ">
      <subfield code="a">https://ifl.wissensbank.com/cgi-bin/starfetch.exe?362Z.p7v7zlEwL674pvVWirFrKYff6.oQRRMpbaLQveAXTtnDzVC20RgFqFNawCCjs7Gbw41Inq5H7@5imL2d91jrnlygRu7O2L6A5omZvHT9JeBXqzOxyu1cOyADyCnNZfbPK7Mfif.j6MX6UqTcQ/HK280.jpg</subfield>
      <subfield code="3">file</subfield>
    </datafield>
  </record>