
  <record>
    <leader>01250nem  22002893  4500</leader>
    <controlfield tag="001">179206000</controlfield>
    <controlfield tag="003">DE-185</controlfield>
    <controlfield tag="007">ta</controlfield>
    <controlfield tag="008">1807                             i|ger</controlfield>
    <datafield tag="041" ind1=" " ind2=" ">
      <subfield code="a">ger</subfield>
    </datafield>
    <datafield tag="084" ind1=" " ind2=" ">
      <subfield code="a">RA05.01 Deutschland</subfield>
    </datafield>
    <datafield tag="225" ind1=" " ind2=" ">
      <subfield code="c">E 1°22'00"-E 23°58'00"/N 56°37'00"-N 45°44'00"</subfield>
    </datafield>
    <datafield tag="245" ind1="1" ind2="0">
      <subfield code="a">Neueste Laendereintheilung nach dem Frieden von Tilsit (9 July 1807)</subfield>
      <subfield code="b">Oder Deutschland nebst angränzenden Ländern</subfield>
      <subfield code="c">[Franz L. Güssefeld?]</subfield>
    </datafield>
    <datafield tag="260" ind1=" " ind2=" ">
      <subfield code="a">[Weimar?]</subfield>
      <subfield code="b">[Geographisches Institut?]</subfield>
      <subfield code="c">[1807?]</subfield>
    </datafield>
    <datafield tag="300" ind1=" " ind2=" ">
      <subfield code="a">1 Kt.</subfield>
      <subfield code="b">Flächenkolor.</subfield>
      <subfield code="c">64 x 50 cm</subfield>
    </datafield>
    <datafield tag="337" ind1=" " ind2=" ">
      <subfield code="a">Karte</subfield>
    </datafield>
    <datafield tag="500" ind1=" " ind2=" ">
      <subfield code="a">Ohne Maßstab. - Titel oben links. - Links angeheftet: Geographisch-statistische Uebersicht sowohl der deutschen, als auch einiger, mit diesen verbundenen, benachbarten Staaten. Frankfurt: Jägersche Buch-Papier- und Landkarten-Handlung, 1808. - Ohne Relief</subfield>
    </datafield>
    <datafield tag="520" ind1="3" ind2="#">
      <subfield code="a">Verwaltungskarte des Rheinischen Bundes vor 1810</subfield>
    </datafield>
    <datafield tag="650" ind1=" " ind2="4">
      <subfield code="a">Altkarte</subfield>
    </datafield>
    <datafield tag="650" ind1=" " ind2="4">
      <subfield code="a">Verwaltungskarte</subfield>
    </datafield>
    <datafield tag="651" ind1=" " ind2="4">
      <subfield code="a">Deutschland</subfield>
    </datafield>
    <datafield tag="700" ind1="2" ind2=" ">
      <subfield code="a">Güssefeld, Franz Ludwig</subfield>
    </datafield>
    <datafield tag="841" ind1=" " ind2=" ">
      <subfield code="a">em__</subfield>
      <subfield code="b">1807</subfield>
      <subfield code="c">3</subfield>
    </datafield>
    <datafield tag="852" ind1=" " ind2=" ">
      <subfield code="a">DE-185</subfield>
      <subfield code="c">Historische Abteilung</subfield>
      <subfield code="m">HK 0307</subfield>
      <subfield code="t">179206001</subfield>
    </datafield>
    <datafield tag="856" ind1=" " ind2=" ">
      <subfield code="a">https://ifl.wissensbank.com/fastlink.html?search=179206000</subfield>
      <subfield code="3">permalink</subfield>
    </datafield>
    <datafield tag="856" ind1=" " ind2=" ">
      <subfield code="a">https://ifl.wissensbank.com/cgi-bin/starfetch.exe?1y1gDrN4YKhbU.l5W4TQxY9rTq0@EJUL.7efoP7hfMjbXzKerK64q8uPiv4Brx6UT1KmZcLokm0TDeKHc1aCSRjKkztuW9fCIVAV.PsaDlQdbiyiSWjo8.E5cpxMszNH50sbT1Nd.IAXoPY.CzkxYw/HK307%2e1.jpg</subfield>
      <subfield code="3">file</subfield>
    </datafield>
  </record>