
  <record>
    <leader>01250nem  22002893  4500</leader>
    <controlfield tag="001">179232000</controlfield>
    <controlfield tag="003">DE-185</controlfield>
    <controlfield tag="007">ta</controlfield>
    <controlfield tag="008">1785                             i|fre</controlfield>
    <datafield tag="041" ind1=" " ind2=" ">
      <subfield code="a">fre</subfield>
    </datafield>
    <datafield tag="084" ind1=" " ind2=" ">
      <subfield code="a">RK Antarktis</subfield>
    </datafield>
    <datafield tag="245" ind1="1" ind2="0">
      <subfield code="a">Trois Vues de la Pointe Arquee, Terre de Kerguelen</subfield>
      <subfield code="c">Benard direxit</subfield>
    </datafield>
    <datafield tag="260" ind1=" " ind2=" ">
      <subfield code="a">[Paris]</subfield>
      <subfield code="c">[1785]</subfield>
    </datafield>
    <datafield tag="300" ind1=" " ind2=" ">
      <subfield code="a">1 Kt.</subfield>
      <subfield code="b">unkolor.</subfield>
      <subfield code="c">38 x 23 cm</subfield>
    </datafield>
    <datafield tag="337" ind1=" " ind2=" ">
      <subfield code="a">Karte</subfield>
    </datafield>
    <datafield tag="500" ind1=" " ind2=" ">
      <subfield code="a">Ohne Maßstab. - Titel oben Mitte. - Seitenzählung rechts unten: 6. - Nummerierung rechts oben: Pl. 82. - Kt. gehört zur franz. Ausgabe von: A voyage to the Pacific ocean. Undertaken, by the command of His Majesty, for making discoveries in the Northern hemisphere, to determine the position and extent of the west side of North America; its distance from Asia; and the practicability of a northern passage to Europe. Performed under the direction of Captains Cook, Clerke, and Gore, in His Majesty's ships the Resolution and Discovery, in the years 1776, 1777, 1778, 1779, and 1780 (1784). - Relief: plastisch</subfield>
    </datafield>
    <datafield tag="520" ind1="3" ind2="#">
      <subfield code="a">5 Ansichten der Kerguelen</subfield>
    </datafield>
    <datafield tag="650" ind1=" " ind2="4">
      <subfield code="a">Altkarte</subfield>
    </datafield>
    <datafield tag="650" ind1=" " ind2="4">
      <subfield code="a">Forschungsreise</subfield>
    </datafield>
    <datafield tag="651" ind1=" " ind2="4">
      <subfield code="a">Antarktis</subfield>
    </datafield>
    <datafield tag="651" ind1=" " ind2="4">
      <subfield code="a">Kerguelen</subfield>
    </datafield>
    <datafield tag="653" ind1="1" ind2=" ">
      <subfield code="a">Cook, James</subfield>
    </datafield>
    <datafield tag="700" ind1="2" ind2=" ">
      <subfield code="a">Bénard, Robert</subfield>
    </datafield>
    <datafield tag="841" ind1=" " ind2=" ">
      <subfield code="a">em__</subfield>
      <subfield code="b">1785</subfield>
      <subfield code="c">3</subfield>
    </datafield>
    <datafield tag="852" ind1=" " ind2=" ">
      <subfield code="a">DE-185</subfield>
      <subfield code="c">Historische Abteilung</subfield>
      <subfield code="m">HK 0315</subfield>
      <subfield code="t">179232001</subfield>
    </datafield>
    <datafield tag="856" ind1=" " ind2=" ">
      <subfield code="a">https://ifl.wissensbank.com/fastlink.html?search=179232000</subfield>
      <subfield code="3">permalink</subfield>
    </datafield>
    <datafield tag="856" ind1=" " ind2=" ">
      <subfield code="a">https://ifl.wissensbank.com/cgi-bin/starfetch.exe?LgjmAjGAokSXSMqJ.y1BCvi@G9ilGEvERCvCSBdCTtPdwh8qvU3UBFINE1EEAh4jtwHf4dJGvOYjJLi1xy.WDh0tArOwC0KHuTngoqYuQkbcqoIJawFr.FeLcMo5F5Rf@TIcdgvkk1Ty2z5gRvXj3Q/HK%200315.jpg</subfield>
      <subfield code="3">file</subfield>
    </datafield>
  </record>