
  <record>
    <leader>01250nem  22002893  4500</leader>
    <controlfield tag="001">179239000</controlfield>
    <controlfield tag="003">DE-185</controlfield>
    <controlfield tag="007">ta</controlfield>
    <controlfield tag="008">1850                             i|ger</controlfield>
    <datafield tag="041" ind1=" " ind2=" ">
      <subfield code="a">ger</subfield>
    </datafield>
    <datafield tag="084" ind1=" " ind2=" ">
      <subfield code="a">RG01.13 Algerien</subfield>
    </datafield>
    <datafield tag="225" ind1=" " ind2=" ">
      <subfield code="c">W 1°43'00"-E 7°52'00"/N 37°16'00"-N 34°50'00"</subfield>
    </datafield>
    <datafield tag="245" ind1="1" ind2="0">
      <subfield code="a">Karte der Provinzen Oran und Constantine</subfield>
      <subfield code="b">mit den Plänen der Städte Oran, Bona und Constantine und eingetragenen Höhen</subfield>
      <subfield code="c">nach den Aufnahmen des französischen Generalstabes entworfen und gezeichnet von A. Theinert, König. Pr. Ing. Lieut.</subfield>
    </datafield>
    <datafield tag="260" ind1=" " ind2=" ">
      <subfield code="a">Glogau</subfield>
      <subfield code="b">C. Flemming</subfield>
      <subfield code="c">[um 1850]</subfield>
    </datafield>
    <datafield tag="300" ind1=" " ind2=" ">
      <subfield code="a">2 Kt. auf 1 Bl.</subfield>
      <subfield code="b">Unkolor.</subfield>
      <subfield code="c">31 x 41 cm</subfield>
    </datafield>
    <datafield tag="337" ind1=" " ind2=" ">
      <subfield code="a">Karte</subfield>
    </datafield>
    <datafield tag="500" ind1=" " ind2=" ">
      <subfield code="a">Maßstab in graph. Form (geogr. Meilen, französische Lieues). - Titel oben Mitte. - Maßstab und Erl. unten rechts. - Nullmeridian: Paris. - Mit 3 Stadtplänen: Plan von Oran. Plan von Bona. Plan von Constantine. - Relief: Schraffen</subfield>
    </datafield>
    <datafield tag="520" ind1="3" ind2="#">
      <subfield code="a">Morphologische Karte der Provinzen Oran und Constantine mit Verkehrswegen und 3 Stadtplänen</subfield>
    </datafield>
    <datafield tag="650" ind1=" " ind2="4">
      <subfield code="a">Altkarte</subfield>
    </datafield>
    <datafield tag="650" ind1=" " ind2="4">
      <subfield code="a">Physische Karte</subfield>
    </datafield>
    <datafield tag="651" ind1=" " ind2="4">
      <subfield code="a">Algerien</subfield>
    </datafield>
    <datafield tag="651" ind1=" " ind2="4">
      <subfield code="a">Constantine</subfield>
    </datafield>
    <datafield tag="651" ind1=" " ind2="4">
      <subfield code="a">Oran (Gouvernorat)</subfield>
    </datafield>
    <datafield tag="700" ind1="2" ind2=" ">
      <subfield code="a">Theinert, A.</subfield>
    </datafield>
    <datafield tag="700" ind1="2" ind2=" ">
      <subfield code="a">Flemming, Carl</subfield>
    </datafield>
    <datafield tag="841" ind1=" " ind2=" ">
      <subfield code="a">em__</subfield>
      <subfield code="b">1850</subfield>
      <subfield code="c">3</subfield>
    </datafield>
    <datafield tag="852" ind1=" " ind2=" ">
      <subfield code="a">DE-185</subfield>
      <subfield code="c">Historische Abteilung</subfield>
      <subfield code="m">HK 0317</subfield>
      <subfield code="t">179239001</subfield>
    </datafield>
    <datafield tag="856" ind1=" " ind2=" ">
      <subfield code="a">https://ifl.wissensbank.com/fastlink.html?search=179239000</subfield>
      <subfield code="3">permalink</subfield>
    </datafield>
    <datafield tag="856" ind1=" " ind2=" ">
      <subfield code="a">https://ifl.wissensbank.com/cgi-bin/starfetch.exe?fB4eE8oS8ZM14W4MpJmfjnfVum96mgiBTkp@82Qq799t9Gr4rH4.EE@wH3XvAiyGWL89@tIGyvcEXHi7gVOo55AgzyK.Z@o4KhJYnfjz5eCJY9cFpCEYEJ4TIpnKN4PqU8ccXo31pUk@2H57qU8ofw/HK%200317.jpg</subfield>
      <subfield code="3">file</subfield>
    </datafield>
  </record>