
  <record>
    <leader>01250nem  22002893  4500</leader>
    <controlfield tag="001">179242000</controlfield>
    <controlfield tag="003">DE-185</controlfield>
    <controlfield tag="007">ta</controlfield>
    <controlfield tag="008">1817                             i|ger</controlfield>
    <datafield tag="041" ind1=" " ind2=" ">
      <subfield code="a">ger</subfield>
    </datafield>
    <datafield tag="084" ind1=" " ind2=" ">
      <subfield code="a">RA05.01 Deutschland</subfield>
    </datafield>
    <datafield tag="225" ind1=" " ind2=" ">
      <subfield code="c">E 6°36'00"-E 13°35'00"/N 50°33'00"-N 45°38'00"</subfield>
    </datafield>
    <datafield tag="245" ind1="1" ind2="0">
      <subfield code="a">Die Baierische Monarchie</subfield>
      <subfield code="b">Seiner Königlichen Majestät von Baiern Maximilian Ioseph ehrfurchtsvollest und allerunterthänigst gewidmet von dem Verleger ; Mit Königl. Baier. allerdn. Privilegio</subfield>
      <subfield code="c">entworfen in zwey Blättern von Conrad Mannert. C. M. Trummer sc[ulpsit]</subfield>
    </datafield>
    <datafield tag="250" ind1=" " ind2=" ">
      <subfield code="a">Nach der neuen Eintheilung erweiterte und berichtigte Ausgabe</subfield>
    </datafield>
    <datafield tag="260" ind1=" " ind2=" ">
      <subfield code="a">Nürnberg</subfield>
      <subfield code="b">Christoph Fembo, vormals Homanns Erben</subfield>
      <subfield code="c">1817</subfield>
    </datafield>
    <datafield tag="300" ind1=" " ind2=" ">
      <subfield code="a">1 Kt.</subfield>
      <subfield code="b">Grenzen, Straßen und Orte kolor.</subfield>
      <subfield code="c">83 x 94 cm</subfield>
    </datafield>
    <datafield tag="337" ind1=" " ind2=" ">
      <subfield code="a">Karte</subfield>
    </datafield>
    <datafield tag="500" ind1=" " ind2=" ">
      <subfield code="a">Maßstab in graph. Form (Geographische Meilen, Französische Meilen). - Titel oben Mitte. - Mit: Supplement zu Mannerts Charte von Baiern 1817: Der Rheinkreis. - Erkl. der Zeichen unten links. - Nullmeridian: Ferro. - Erl. unter Titel. - Relief: angedeutet</subfield>
    </datafield>
    <datafield tag="520" ind1="3" ind2="#">
      <subfield code="a">Verwaltungskarte des Königreichs Bayern</subfield>
    </datafield>
    <datafield tag="650" ind1=" " ind2="4">
      <subfield code="a">Altkarte</subfield>
    </datafield>
    <datafield tag="650" ind1=" " ind2="4">
      <subfield code="a">Verwaltungskarte</subfield>
    </datafield>
    <datafield tag="651" ind1=" " ind2="4">
      <subfield code="a">Deutschland</subfield>
    </datafield>
    <datafield tag="651" ind1=" " ind2="4">
      <subfield code="a">Bayern</subfield>
    </datafield>
    <datafield tag="700" ind1="2" ind2=" ">
      <subfield code="a">Mannert, Conrad</subfield>
    </datafield>
    <datafield tag="700" ind1="2" ind2=" ">
      <subfield code="a">Trummer, Christian Martin</subfield>
    </datafield>
    <datafield tag="700" ind1="2" ind2=" ">
      <subfield code="a">Fembo, Christoph</subfield>
    </datafield>
    <datafield tag="841" ind1=" " ind2=" ">
      <subfield code="a">em__</subfield>
      <subfield code="b">1817</subfield>
      <subfield code="c">3</subfield>
    </datafield>
    <datafield tag="852" ind1=" " ind2=" ">
      <subfield code="a">DE-185</subfield>
      <subfield code="c">Historische Abteilung</subfield>
      <subfield code="m">HK 0320</subfield>
      <subfield code="t">179242001</subfield>
    </datafield>
    <datafield tag="856" ind1=" " ind2=" ">
      <subfield code="a">https://ifl.wissensbank.com/fastlink.html?search=179242000</subfield>
      <subfield code="3">permalink</subfield>
    </datafield>
    <datafield tag="856" ind1=" " ind2=" ">
      <subfield code="a">https://ifl.wissensbank.com/cgi-bin/starfetch.exe?V2SOFlHmwbm84eZSrJWG.1o@l13USlu55vHIzrvmDxB2XzLxZJ3bHEPT0lf05X75dGOF8i3FLgjcwIlsmNDRtSrjzEMO1nx385u3JdZAJ64B.Nyb1Sf4Do66miyR0WMZhCbcdvZB8DuxjR892mFMVw/HK320.jpg</subfield>
      <subfield code="3">file</subfield>
    </datafield>
  </record>