
  <record>
    <leader>01250nem  22002893  4500</leader>
    <controlfield tag="001">179244000</controlfield>
    <controlfield tag="003">DE-185</controlfield>
    <controlfield tag="007">ta</controlfield>
    <controlfield tag="008">1817                             i|fre</controlfield>
    <datafield tag="041" ind1=" " ind2=" ">
      <subfield code="a">fre</subfield>
    </datafield>
    <datafield tag="084" ind1=" " ind2=" ">
      <subfield code="a">RA04.04 Belgien</subfield>
    </datafield>
    <datafield tag="225" ind1=" " ind2=" ">
      <subfield code="c">E 4°20'14"-E 4°22'09"/N 50°51'29"-N 50°49'56"</subfield>
    </datafield>
    <datafield tag="245" ind1="1" ind2="0">
      <subfield code="a">Plan-Routier De La Ville De Bruxelles</subfield>
      <subfield code="b">Divisé par Cantons ou Arrondissemens de justices de paix, Sections et Paroisses</subfield>
      <subfield code="c">Dressé par G. Jacowick</subfield>
    </datafield>
    <datafield tag="260" ind1=" " ind2=" ">
      <subfield code="a">Bruxelles</subfield>
      <subfield code="b">Adolphe Stapleaux</subfield>
      <subfield code="c">1817</subfield>
    </datafield>
    <datafield tag="300" ind1=" " ind2=" ">
      <subfield code="a">1 Kt.</subfield>
      <subfield code="b">Verwaltungsgrenzen kolor.</subfield>
      <subfield code="c">40 x 31 cm</subfield>
    </datafield>
    <datafield tag="337" ind1=" " ind2=" ">
      <subfield code="a">Karte</subfield>
    </datafield>
    <datafield tag="500" ind1=" " ind2=" ">
      <subfield code="a">Maßstab in graph. Form (Verges de Brabant, Métres). - Titel oben links. - Mit. Erl. zu Sehenswürdigkeiten. - Nullmeridian: Paris. - Ohne Relief</subfield>
    </datafield>
    <datafield tag="520" ind1="3" ind2="#">
      <subfield code="a">Stadtplan von Brüssel mit Einrichtungen etc.</subfield>
    </datafield>
    <datafield tag="650" ind1=" " ind2="4">
      <subfield code="a">Altkarte</subfield>
    </datafield>
    <datafield tag="650" ind1=" " ind2="4">
      <subfield code="a">Stadtplan</subfield>
    </datafield>
    <datafield tag="651" ind1=" " ind2="4">
      <subfield code="a">Belgien</subfield>
    </datafield>
    <datafield tag="651" ind1=" " ind2="4">
      <subfield code="a">Bruxelles (Brüssel)</subfield>
    </datafield>
    <datafield tag="700" ind1="2" ind2=" ">
      <subfield code="a">Jacowick, G.</subfield>
    </datafield>
    <datafield tag="700" ind1="2" ind2=" ">
      <subfield code="a">Stapleaux, Adolphe</subfield>
    </datafield>
    <datafield tag="841" ind1=" " ind2=" ">
      <subfield code="a">em__</subfield>
      <subfield code="b">1817</subfield>
      <subfield code="c">3</subfield>
    </datafield>
    <datafield tag="852" ind1=" " ind2=" ">
      <subfield code="a">DE-185</subfield>
      <subfield code="c">Historische Abteilung</subfield>
      <subfield code="m">HK 0322</subfield>
      <subfield code="t">179244001</subfield>
    </datafield>
    <datafield tag="856" ind1=" " ind2=" ">
      <subfield code="a">https://ifl.wissensbank.com/fastlink.html?search=179244000</subfield>
      <subfield code="3">permalink</subfield>
    </datafield>
    <datafield tag="856" ind1=" " ind2=" ">
      <subfield code="a">https://ifl.wissensbank.com/cgi-bin/starfetch.exe?HTvnj3v21CRLdx2lFIFjvCWnJAoV3VJtMVhkkK@gv7yHB8fpbDtlXwXfyamCGRmE@0z.6G0r.tWHSbJ.Dp7tkYel9yi4pq4QgbfFx5L9uNw3yCveVwisuC86Byw4b08PghK5n098NiwMCmsdKcWWbQ/HK%200322.jpg</subfield>
      <subfield code="3">file</subfield>
    </datafield>
  </record>