
  <record>
    <leader>01250nem  22002893  4500</leader>
    <controlfield tag="001">179247000</controlfield>
    <controlfield tag="003">DE-185</controlfield>
    <controlfield tag="007">ta</controlfield>
    <controlfield tag="008">1818                             i|</controlfield>
    <datafield tag="084" ind1=" " ind2=" ">
      <subfield code="a">RG02.01 Palästina</subfield>
    </datafield>
    <datafield tag="225" ind1=" " ind2=" ">
      <subfield code="c">E 34°13'00"-E 36°29'00"/N 33°58'00"-N 30°58'00"</subfield>
    </datafield>
    <datafield tag="245" ind1="1" ind2="0">
      <subfield code="a">Palaestina</subfield>
    </datafield>
    <datafield tag="260" ind1=" " ind2=" ">
      <subfield code="a">Norimbergae</subfield>
      <subfield code="b">Campio</subfield>
      <subfield code="c">1818</subfield>
    </datafield>
    <datafield tag="300" ind1=" " ind2=" ">
      <subfield code="a">1 Kt. + Erl. (1 Bl.)</subfield>
      <subfield code="b">unkolor.</subfield>
      <subfield code="c">35 x 56 cm</subfield>
    </datafield>
    <datafield tag="337" ind1=" " ind2=" ">
      <subfield code="a">Karte</subfield>
    </datafield>
    <datafield tag="500" ind1=" " ind2=" ">
      <subfield code="a">Maßstab in graph. Form (Milliaria Geographica, Milliaria Romana). - Nullmeridian: Ferro, Greenwich. - Titel oben links. - Maßstab und Erl. unter Titel. - Aus: Reichard, Christian G.: Orbis Terrarum Antiquus Bd. ; 2. - Relief: Schraffen (Bergstriche)</subfield>
    </datafield>
    <datafield tag="520" ind1="3" ind2="#">
      <subfield code="a">Geschichtskarte von Palästina</subfield>
    </datafield>
    <datafield tag="650" ind1=" " ind2="4">
      <subfield code="a">Altkarte</subfield>
    </datafield>
    <datafield tag="650" ind1=" " ind2="4">
      <subfield code="a">Geschichtskarte</subfield>
    </datafield>
    <datafield tag="651" ind1=" " ind2="4">
      <subfield code="a">Palästina</subfield>
    </datafield>
    <datafield tag="653" ind1="1" ind2=" ">
      <subfield code="a">Antike</subfield>
    </datafield>
    <datafield tag="700" ind1="2" ind2=" ">
      <subfield code="a">Reichard, Christian Gottlieb</subfield>
    </datafield>
    <datafield tag="700" ind1="2" ind2=" ">
      <subfield code="a">Campe, Friedrich</subfield>
    </datafield>
    <datafield tag="841" ind1=" " ind2=" ">
      <subfield code="a">em__</subfield>
      <subfield code="b">1818</subfield>
      <subfield code="c">3</subfield>
    </datafield>
    <datafield tag="852" ind1=" " ind2=" ">
      <subfield code="a">DE-185</subfield>
      <subfield code="c">Historische Abteilung</subfield>
      <subfield code="m">HK 0324</subfield>
      <subfield code="t">179247001</subfield>
    </datafield>
    <datafield tag="856" ind1=" " ind2=" ">
      <subfield code="a">https://ifl.wissensbank.com/fastlink.html?search=179247000</subfield>
      <subfield code="3">permalink</subfield>
    </datafield>
    <datafield tag="856" ind1=" " ind2=" ">
      <subfield code="a">https://ifl.wissensbank.com/cgi-bin/starfetch.exe?vxG52t3MDi@if.4kV2v7Eu5Y8EnZJ1QhiHjQKjiZIIkUHuAVFo6S6QprJio@rWaKLNZHDA0YxhOql.iwMuWeL3L0islVOrfuwrfZ@GyeHzx0Rm0wqLuOS12krvvXNQtsWeboK30aQjKheq1u4@yhwQ/HK%200324.jpg</subfield>
      <subfield code="3">file</subfield>
    </datafield>
  </record>