
  <record>
    <leader>01250nem  22002893  4500</leader>
    <controlfield tag="001">179248000</controlfield>
    <controlfield tag="003">DE-185</controlfield>
    <controlfield tag="007">ta</controlfield>
    <controlfield tag="008">1818                             i|</controlfield>
    <datafield tag="084" ind1=" " ind2=" ">
      <subfield code="a">RG Naher und Mittlerer Osten und Nordafrika</subfield>
    </datafield>
    <datafield tag="225" ind1=" " ind2=" ">
      <subfield code="c">E 25°05'00"-E 45°22'00"/N 42°27'00"-N 33°08'00"</subfield>
    </datafield>
    <datafield tag="245" ind1="1" ind2="0">
      <subfield code="a">Asia Minor, Syria, Mesopotamia, Armenia, Assyria</subfield>
    </datafield>
    <datafield tag="260" ind1=" " ind2=" ">
      <subfield code="a">Norimbergae</subfield>
      <subfield code="b">Campio</subfield>
      <subfield code="c">1818</subfield>
    </datafield>
    <datafield tag="300" ind1=" " ind2=" ">
      <subfield code="a">1 Kt. + Erl. (2 Bl.)</subfield>
      <subfield code="b">unkolor.</subfield>
      <subfield code="c">80 x 46 cm</subfield>
    </datafield>
    <datafield tag="337" ind1=" " ind2=" ">
      <subfield code="a">Karte</subfield>
    </datafield>
    <datafield tag="500" ind1=" " ind2=" ">
      <subfield code="a">Maßstab in graph. Form (Milliaria Germanica, Stadia Olympia). - Nullmeridian: Ferro. - Mit 1 Nebenkt.: Creta. - Titel unten links. - Maßstab oben links. - Aus: Reichard, Christian G.: Orbis Terrarum Antiquus ; 5. - Relief: Schraffen (Bergstriche)</subfield>
    </datafield>
    <datafield tag="520" ind1="3" ind2="#">
      <subfield code="a">Geschichtskarte des Nahen Ostens</subfield>
    </datafield>
    <datafield tag="650" ind1=" " ind2="4">
      <subfield code="a">Altkarte</subfield>
    </datafield>
    <datafield tag="650" ind1=" " ind2="4">
      <subfield code="a">Geschichtskarte</subfield>
    </datafield>
    <datafield tag="651" ind1=" " ind2="4">
      <subfield code="a">Türkei</subfield>
    </datafield>
    <datafield tag="651" ind1=" " ind2="4">
      <subfield code="a">Syrien, Arabische Republik</subfield>
    </datafield>
    <datafield tag="651" ind1=" " ind2="4">
      <subfield code="a">Mesopotamien</subfield>
    </datafield>
    <datafield tag="651" ind1=" " ind2="4">
      <subfield code="a">Armenien</subfield>
    </datafield>
    <datafield tag="653" ind1="1" ind2=" ">
      <subfield code="a">Antike</subfield>
    </datafield>
    <datafield tag="700" ind1="2" ind2=" ">
      <subfield code="a">Reichard, Christian Gottlieb</subfield>
    </datafield>
    <datafield tag="700" ind1="2" ind2=" ">
      <subfield code="a">Campe, Friedrich</subfield>
    </datafield>
    <datafield tag="841" ind1=" " ind2=" ">
      <subfield code="a">em__</subfield>
      <subfield code="b">1818</subfield>
      <subfield code="c">3</subfield>
    </datafield>
    <datafield tag="852" ind1=" " ind2=" ">
      <subfield code="a">DE-185</subfield>
      <subfield code="c">Historische Abteilung</subfield>
      <subfield code="m">HK 0325</subfield>
      <subfield code="t">179248001</subfield>
    </datafield>
    <datafield tag="856" ind1=" " ind2=" ">
      <subfield code="a">https://ifl.wissensbank.com/fastlink.html?search=179248000</subfield>
      <subfield code="3">permalink</subfield>
    </datafield>
    <datafield tag="856" ind1=" " ind2=" ">
      <subfield code="a">https://ifl.wissensbank.com/cgi-bin/starfetch.exe?LP8Lxtd1xVLstaG@7AkIvb3zwEL04l1zqnEdVPT3SoW8XrL@wCEiRmiaRozaD2OvJY0Z7LeCgrYYHEq4eWOTrpw2TxBPnvr2EZgzw9iApu2nvdHctC2jb0lgLBzEJaYwJ7z8gM3QgYW6Fiw3j7s4MA/HK325.jpg</subfield>
      <subfield code="3">file</subfield>
    </datafield>
  </record>