
  <record>
    <leader>01250nem  22002893  4500</leader>
    <controlfield tag="001">179249000</controlfield>
    <controlfield tag="003">DE-185</controlfield>
    <controlfield tag="007">ta</controlfield>
    <controlfield tag="008">1818                             i|</controlfield>
    <datafield tag="084" ind1=" " ind2=" ">
      <subfield code="a">RA06.05 Griechenland</subfield>
    </datafield>
    <datafield tag="225" ind1=" " ind2=" ">
      <subfield code="c">E 19°10'00"-E 24°42'00"/N 40°13'00"-N 37°38'00"</subfield>
    </datafield>
    <datafield tag="245" ind1="1" ind2="0">
      <subfield code="a">Graeciae Pars Borealis</subfield>
    </datafield>
    <datafield tag="260" ind1=" " ind2=" ">
      <subfield code="a">Norimbergae</subfield>
      <subfield code="b">Campio</subfield>
      <subfield code="c">1818</subfield>
    </datafield>
    <datafield tag="300" ind1=" " ind2=" ">
      <subfield code="a">1 Kt. + Erl. (1 Bl.)</subfield>
      <subfield code="b">unkolor.</subfield>
      <subfield code="c">55 x 35 cm</subfield>
    </datafield>
    <datafield tag="337" ind1=" " ind2=" ">
      <subfield code="a">Karte</subfield>
    </datafield>
    <datafield tag="500" ind1=" " ind2=" ">
      <subfield code="a">Maßstab in graph. Form (Milliaria Geographica, Stadia Olympia). - Titel unten links. - Maßstab unten links. - Aus: Reichard, Christian G.: Orbis Terrarum Antiquus ; 3. - Relief: Schraffen (Bergstriche)</subfield>
    </datafield>
    <datafield tag="520" ind1="3" ind2="#">
      <subfield code="a">Geschichtskarte von Nordgriechenland</subfield>
    </datafield>
    <datafield tag="650" ind1=" " ind2="4">
      <subfield code="a">Altkarte</subfield>
    </datafield>
    <datafield tag="650" ind1=" " ind2="4">
      <subfield code="a">Geschichtskarte</subfield>
    </datafield>
    <datafield tag="651" ind1=" " ind2="4">
      <subfield code="a">Griechenland</subfield>
    </datafield>
    <datafield tag="651" ind1=" " ind2="4">
      <subfield code="a">Griechenland (Nord)</subfield>
    </datafield>
    <datafield tag="653" ind1="1" ind2=" ">
      <subfield code="a">Antike</subfield>
    </datafield>
    <datafield tag="700" ind1="2" ind2=" ">
      <subfield code="a">Reichard, Christian Gottlieb</subfield>
    </datafield>
    <datafield tag="700" ind1="2" ind2=" ">
      <subfield code="a">Campe, Friedrich</subfield>
    </datafield>
    <datafield tag="841" ind1=" " ind2=" ">
      <subfield code="a">em__</subfield>
      <subfield code="b">1818</subfield>
      <subfield code="c">3</subfield>
    </datafield>
    <datafield tag="852" ind1=" " ind2=" ">
      <subfield code="a">DE-185</subfield>
      <subfield code="c">Historische Abteilung</subfield>
      <subfield code="m">HK 0326</subfield>
      <subfield code="t">179249001</subfield>
    </datafield>
    <datafield tag="856" ind1=" " ind2=" ">
      <subfield code="a">https://ifl.wissensbank.com/fastlink.html?search=179249000</subfield>
      <subfield code="3">permalink</subfield>
    </datafield>
    <datafield tag="856" ind1=" " ind2=" ">
      <subfield code="a">https://ifl.wissensbank.com/cgi-bin/starfetch.exe?3y76y0QC88t3X9eBAIzBHLwaps3yru3rPoraa3vYv2UKB418z9KK1l3Xp71VwePekjtt@s54mkwjvcZdTJYPh2mmLhvATYPJ6@bo27rhWxGVtjg0zS7GLgiba4xUMFdHeNUihSGZw6BdU6om18zCfQ/HK%200326.jpg</subfield>
      <subfield code="3">file</subfield>
    </datafield>
  </record>