
  <record>
    <leader>01250nem  22002893  4500</leader>
    <controlfield tag="001">179254000</controlfield>
    <controlfield tag="003">DE-185</controlfield>
    <controlfield tag="007">ta</controlfield>
    <controlfield tag="008">1845                             i|ger</controlfield>
    <datafield tag="041" ind1=" " ind2=" ">
      <subfield code="a">ger</subfield>
    </datafield>
    <datafield tag="084" ind1=" " ind2=" ">
      <subfield code="a">RC02 Vereinigte Staaten</subfield>
    </datafield>
    <datafield tag="225" ind1=" " ind2=" ">
      <subfield code="c">W 124°37'00"-W 66°32'00"/N 53°54'00"-N 20°19'00"</subfield>
    </datafield>
    <datafield tag="245" ind1="1" ind2="0">
      <subfield code="a">Nord-Americanische Freistaaten</subfield>
      <subfield code="c">Nach den besten Quellen entworf. u. gezeich. v. Hauptm. C. Radefeld</subfield>
    </datafield>
    <datafield tag="260" ind1=" " ind2=" ">
      <subfield code="a">Hildburghausen</subfield>
      <subfield code="b">Verlag des Bibliographischen Instituts</subfield>
      <subfield code="c">1845</subfield>
    </datafield>
    <datafield tag="300" ind1=" " ind2=" ">
      <subfield code="a">1 Kt.</subfield>
      <subfield code="b">unkolor.</subfield>
      <subfield code="c">36 x 29 cm</subfield>
    </datafield>
    <datafield tag="337" ind1=" " ind2=" ">
      <subfield code="a">Karte</subfield>
    </datafield>
    <datafield tag="500" ind1=" " ind2=" ">
      <subfield code="a">Maßstab in graph. Form (Geographische Meilen, Englische Meilen). - Zählung oben rechts: No. 82. - Titel unten Mitte. - Maßstab unter Titel. - Erl. unten links. - Nullmeridian: Paris, Ferro. - Aus: Meyer, J.: Grosser Hand-Atlas Über Alle Theile Der Erde ; 131. - Relief: angedeutet</subfield>
    </datafield>
    <datafield tag="520" ind1="3" ind2="#">
      <subfield code="a">Verwaltungskarte der USA</subfield>
    </datafield>
    <datafield tag="650" ind1=" " ind2="4">
      <subfield code="a">Altkarte</subfield>
    </datafield>
    <datafield tag="651" ind1=" " ind2="4">
      <subfield code="a">USA</subfield>
    </datafield>
    <datafield tag="700" ind1="2" ind2=" ">
      <subfield code="a">Meyer, Joseph</subfield>
    </datafield>
    <datafield tag="700" ind1="2" ind2=" ">
      <subfield code="a">Radefeld, Carl Christian Franz</subfield>
    </datafield>
    <datafield tag="841" ind1=" " ind2=" ">
      <subfield code="a">em__</subfield>
      <subfield code="b">1845</subfield>
      <subfield code="c">3</subfield>
    </datafield>
    <datafield tag="852" ind1=" " ind2=" ">
      <subfield code="a">DE-185</subfield>
      <subfield code="c">Historische Abteilung</subfield>
      <subfield code="m">HK 0331</subfield>
      <subfield code="t">179254001</subfield>
    </datafield>
    <datafield tag="856" ind1=" " ind2=" ">
      <subfield code="a">https://ifl.wissensbank.com/fastlink.html?search=179254000</subfield>
      <subfield code="3">permalink</subfield>
    </datafield>
    <datafield tag="856" ind1=" " ind2=" ">
      <subfield code="a">https://ifl.wissensbank.com/cgi-bin/starfetch.exe?ZEBB43aHtM07r2tYQ6H@JoJgkqdmERidTfWu.iTVZTPtfdQz4o03HuWD1qO1qc1Xr36CFhKxpSWtju0NWEW29Njr.xMFa@eG2@Tz7o6jZHyix6ToJrxXuj0zZ6TaY2R1q47D0WqfohyTTmwzeivJ7A/HK%200331.jpg</subfield>
      <subfield code="3">file</subfield>
    </datafield>
  </record>