
  <record>
    <leader>01250nem  22002893  4500</leader>
    <controlfield tag="001">179256000</controlfield>
    <controlfield tag="003">DE-185</controlfield>
    <controlfield tag="007">ta</controlfield>
    <controlfield tag="008">1702                             i|</controlfield>
    <datafield tag="084" ind1=" " ind2=" ">
      <subfield code="a">RA06.05 Griechenland</subfield>
    </datafield>
    <datafield tag="225" ind1=" " ind2=" ">
      <subfield code="c">E 25°00'00"-E 27°17'00"/N 39°13'00"-N 37°44'00"</subfield>
    </datafield>
    <datafield tag="245" ind1="1" ind2="0">
      <subfield code="a">Famosa in Archipelago, Chius hodie Scio Insulae</subfield>
      <subfield code="b">Victricibus nuper Venetorum Classe et armis Turcarum Imperio erepta ; nec non Aliarum adjacentium Insularum Megelino et Samos ; Nova Delineatio</subfield>
    </datafield>
    <datafield tag="260" ind1=" " ind2=" ">
      <subfield code="a">[S.l.]</subfield>
      <subfield code="c">[1702]</subfield>
    </datafield>
    <datafield tag="300" ind1=" " ind2=" ">
      <subfield code="a">1 Kt.</subfield>
      <subfield code="b">unkolor.</subfield>
      <subfield code="c">31 x 22 cm</subfield>
    </datafield>
    <datafield tag="337" ind1=" " ind2=" ">
      <subfield code="a">Karte</subfield>
    </datafield>
    <datafield tag="500" ind1=" " ind2=" ">
      <subfield code="a">Maßstab in graph. Form (Milliaria Germanica Communia, Milliaria Italica Communia). - Titelkartusche oben links. - Maßstab mitte links. - Relief: plastisch</subfield>
    </datafield>
    <datafield tag="520" ind1="3" ind2="#">
      <subfield code="a">Zeigt die Insel Chios, Teile der Inseln Lesbos und Samos, östlich die Türkei bis Smyrna (Izmir)</subfield>
    </datafield>
    <datafield tag="650" ind1=" " ind2="4">
      <subfield code="a">Altkarte</subfield>
    </datafield>
    <datafield tag="651" ind1=" " ind2="4">
      <subfield code="a">Griechenland</subfield>
    </datafield>
    <datafield tag="651" ind1=" " ind2="4">
      <subfield code="a">Ägäis</subfield>
    </datafield>
    <datafield tag="651" ind1=" " ind2="4">
      <subfield code="a">Chios</subfield>
    </datafield>
    <datafield tag="841" ind1=" " ind2=" ">
      <subfield code="a">em__</subfield>
      <subfield code="b">1702</subfield>
      <subfield code="c">3</subfield>
    </datafield>
    <datafield tag="852" ind1=" " ind2=" ">
      <subfield code="a">DE-185</subfield>
      <subfield code="c">Historische Abteilung</subfield>
      <subfield code="m">HK 0333</subfield>
      <subfield code="t">179256001</subfield>
    </datafield>
    <datafield tag="856" ind1=" " ind2=" ">
      <subfield code="a">https://ifl.wissensbank.com/fastlink.html?search=179256000</subfield>
      <subfield code="3">permalink</subfield>
    </datafield>
    <datafield tag="856" ind1=" " ind2=" ">
      <subfield code="a">https://ifl.wissensbank.com/cgi-bin/starfetch.exe?O74UJw3NiMUicg8r@hqkoSvjcjvxQjLVybQ5vsJFZyivoJLQbJAdsELhw9uE8s8dSs6PI6hm8bIM@egJ5KKNzoOJI8dCTLRMFoe600wMNIw44pglhN@Nj1aWn5aaUyNG1COU6v4h22ZEwA7l.otSlQ/HK%200333.jpg</subfield>
      <subfield code="3">file</subfield>
    </datafield>
  </record>