
  <record>
    <leader>01250nem  22002893  4500</leader>
    <controlfield tag="001">179258000</controlfield>
    <controlfield tag="003">DE-185</controlfield>
    <controlfield tag="007">ta</controlfield>
    <controlfield tag="008">1830                             i|fre</controlfield>
    <datafield tag="041" ind1=" " ind2=" ">
      <subfield code="a">fre</subfield>
      <subfield code="a">ger</subfield>
    </datafield>
    <datafield tag="084" ind1=" " ind2=" ">
      <subfield code="a">RA05.01 Deutschland</subfield>
    </datafield>
    <datafield tag="084" ind1=" " ind2=" ">
      <subfield code="a">RA04.06 Frankreich</subfield>
    </datafield>
    <datafield tag="225" ind1=" " ind2=" ">
      <subfield code="c">E 5°27'00"-E 8°44'00"/N 49°58'00"-N 48°20'00"</subfield>
    </datafield>
    <datafield tag="245" ind1="1" ind2="0">
      <subfield code="a">Strasbourg - Carlsruhe</subfield>
      <subfield code="c">dressée par Woerl gravée sous sa direction</subfield>
    </datafield>
    <datafield tag="260" ind1=" " ind2=" ">
      <subfield code="a">Fribourg en Brisgau</subfield>
      <subfield code="b">B. Herder</subfield>
      <subfield code="c">[ca. 1830]</subfield>
    </datafield>
    <datafield tag="300" ind1=" " ind2=" ">
      <subfield code="a">1 Kt.</subfield>
      <subfield code="b">Städte und Straßen kolor.</subfield>
      <subfield code="c">49 x 41 cm</subfield>
    </datafield>
    <datafield tag="337" ind1=" " ind2=" ">
      <subfield code="a">Karte</subfield>
    </datafield>
    <datafield tag="500" ind1=" " ind2=" ">
      <subfield code="a">Maßstab in graph. Form (Lieues communes de France, Preussische Meile). - Titel über Kt.-Bild. - Maßstab unter Kt.-Bild. - Vermutlich aus: Carte De La France : Composée De Vingt Cinq Feuilles ; Construite Sur Le Principe De La Projection De Flamsteed ; Gravée sur pierre, Et Imprimée Avec Une Nouvelle Méthode D'Employer L'Encre rouge, Pour L'Indication Des Routes Des Positions Et Des Limites / Par I. H. Weiss, Cidt. Lieutt. Colonel Au Corps Royal Des Ingénieurs Géographes Français, Executée D'Après Les Meilleurs Materiaux Par I. E. Woerl. Lithographie de B. Herder à Fribourg en Brisgau ; 14. - Relief: Schraffen</subfield>
    </datafield>
    <datafield tag="520" ind1="3" ind2="#">
      <subfield code="a">Straßburg, Karlsruhe und Umgebung mit Verkehrswegen</subfield>
    </datafield>
    <datafield tag="650" ind1=" " ind2="4">
      <subfield code="a">Altkarte</subfield>
    </datafield>
    <datafield tag="650" ind1=" " ind2="4">
      <subfield code="a">Verkehrskarte</subfield>
    </datafield>
    <datafield tag="650" ind1=" " ind2="4">
      <subfield code="a">Verwaltungskarte</subfield>
    </datafield>
    <datafield tag="651" ind1=" " ind2="4">
      <subfield code="a">Deutschland</subfield>
    </datafield>
    <datafield tag="651" ind1=" " ind2="4">
      <subfield code="a">Frankreich</subfield>
    </datafield>
    <datafield tag="651" ind1=" " ind2="4">
      <subfield code="a">Karlsruhe</subfield>
    </datafield>
    <datafield tag="651" ind1=" " ind2="4">
      <subfield code="a">Strasbourg</subfield>
    </datafield>
    <datafield tag="700" ind1="2" ind2=" ">
      <subfield code="a">Woerl, Joseph Edmund</subfield>
    </datafield>
    <datafield tag="700" ind1="2" ind2=" ">
      <subfield code="a">Weiß, Johann Heinrich</subfield>
    </datafield>
    <datafield tag="700" ind1="2" ind2=" ">
      <subfield code="a">Herder, Bartholomä</subfield>
    </datafield>
    <datafield tag="841" ind1=" " ind2=" ">
      <subfield code="a">em__</subfield>
      <subfield code="b">1830</subfield>
      <subfield code="c">3</subfield>
    </datafield>
    <datafield tag="852" ind1=" " ind2=" ">
      <subfield code="a">DE-185</subfield>
      <subfield code="c">Historische Abteilung</subfield>
      <subfield code="m">HK 0335</subfield>
      <subfield code="t">179258001</subfield>
    </datafield>
    <datafield tag="856" ind1=" " ind2=" ">
      <subfield code="a">https://ifl.wissensbank.com/fastlink.html?search=179258000</subfield>
      <subfield code="3">permalink</subfield>
    </datafield>
    <datafield tag="856" ind1=" " ind2=" ">
      <subfield code="a">https://ifl.wissensbank.com/cgi-bin/starfetch.exe?QUFwMajAKgWKM6jmcfnPkYORyWELOnws.jklmNrmL2IdoHftXLW8cc6LDXkx@F3@iep1ToeDQtGzD8If0wMd7IT0nQtqx7CIWvoiaQElq7l2KWyTF.SyR2IX3DKWfBp.5es0LTxP5CXBwaMXeNrTVw/HK%200335.jpg</subfield>
      <subfield code="3">file</subfield>
    </datafield>
  </record>