
  <record>
    <leader>01250nem  22002893  4500</leader>
    <controlfield tag="001">179261000</controlfield>
    <controlfield tag="003">DE-185</controlfield>
    <controlfield tag="007">ta</controlfield>
    <controlfield tag="008">1830                             i|fre</controlfield>
    <datafield tag="041" ind1=" " ind2=" ">
      <subfield code="a">fre</subfield>
    </datafield>
    <datafield tag="084" ind1=" " ind2=" ">
      <subfield code="a">RA04.06 Frankreich</subfield>
    </datafield>
    <datafield tag="225" ind1=" " ind2=" ">
      <subfield code="c">E 2°19'00"-E 5°31'00"/N 50°06'00"-N 48°25'00"</subfield>
    </datafield>
    <datafield tag="245" ind1="1" ind2="0">
      <subfield code="a">Paris</subfield>
      <subfield code="c">dressée par Woerl gravée sous sa direction</subfield>
    </datafield>
    <datafield tag="260" ind1=" " ind2=" ">
      <subfield code="a">Fribourg en Brisgau</subfield>
      <subfield code="b">B. Herder</subfield>
      <subfield code="c">[ca. 1830]</subfield>
    </datafield>
    <datafield tag="300" ind1=" " ind2=" ">
      <subfield code="a">1 Kt.</subfield>
      <subfield code="b">Städte und Straßen kolor.</subfield>
      <subfield code="c">49 x 41 cm</subfield>
    </datafield>
    <datafield tag="337" ind1=" " ind2=" ">
      <subfield code="a">Karte</subfield>
    </datafield>
    <datafield tag="500" ind1=" " ind2=" ">
      <subfield code="a">Ohne Maßstab. - Titel über Kt.-Bild. - Vermutlich aus: Carte De La France : Composée De Vingt Cinq Feuilles ; Construite Sur Le Principe De La Projection De Flamsteed ; Gravée sur pierre, Et Imprimée Avec Une Nouvelle Méthode D'Employer L'Encre rouge, Pour L'Indication Des Routes Des Positions Et Des Limites / Par I. H. Weiss, Cidt. Lieutt. Colonel Au Corps Royal Des Ingénieurs Géographes Français, Executée D'Après Les Meilleurs Materiaux Par I. E. Woerl. Lithographie de B. Herder à Fribourg en Brisgau ; 12. - Relief: angedeutet</subfield>
    </datafield>
    <datafield tag="520" ind1="3" ind2="#">
      <subfield code="a">Umgebung von Paris mit Verkehrswegen</subfield>
    </datafield>
    <datafield tag="650" ind1=" " ind2="4">
      <subfield code="a">Altkarte</subfield>
    </datafield>
    <datafield tag="650" ind1=" " ind2="4">
      <subfield code="a">Verkehrskarte</subfield>
    </datafield>
    <datafield tag="651" ind1=" " ind2="4">
      <subfield code="a">Frankreich</subfield>
    </datafield>
    <datafield tag="651" ind1=" " ind2="4">
      <subfield code="a">Paris</subfield>
    </datafield>
    <datafield tag="700" ind1="2" ind2=" ">
      <subfield code="a">Woerl, Joseph Edmund</subfield>
    </datafield>
    <datafield tag="700" ind1="2" ind2=" ">
      <subfield code="a">Weiß, Johann Heinrich</subfield>
    </datafield>
    <datafield tag="700" ind1="2" ind2=" ">
      <subfield code="a">Herder, Bartholomä</subfield>
    </datafield>
    <datafield tag="841" ind1=" " ind2=" ">
      <subfield code="a">em__</subfield>
      <subfield code="b">1830</subfield>
      <subfield code="c">3</subfield>
    </datafield>
    <datafield tag="852" ind1=" " ind2=" ">
      <subfield code="a">DE-185</subfield>
      <subfield code="c">Historische Abteilung</subfield>
      <subfield code="m">HK 0338</subfield>
      <subfield code="t">179261001</subfield>
    </datafield>
    <datafield tag="856" ind1=" " ind2=" ">
      <subfield code="a">https://ifl.wissensbank.com/fastlink.html?search=179261000</subfield>
      <subfield code="3">permalink</subfield>
    </datafield>
    <datafield tag="856" ind1=" " ind2=" ">
      <subfield code="a">https://ifl.wissensbank.com/cgi-bin/starfetch.exe?XzrCV.e3q4bj7YjHBK8Of0nIokCkHYe6hRerFx1qyVEsEXASXLPkr4sK7mulsQYIS4DTB4vrXr65Hgwvs@U4N@EBA3PlSuT51Vx914ody6dgatyi81nY1b48hpniLa97WcAW5Sm3@h0b3WMRhR5YDA/HK%200338.jpg</subfield>
      <subfield code="3">file</subfield>
    </datafield>
  </record>