
  <record>
    <leader>01250nem  22002893  4500</leader>
    <controlfield tag="001">179262000</controlfield>
    <controlfield tag="003">DE-185</controlfield>
    <controlfield tag="007">ta</controlfield>
    <controlfield tag="008">1840                             i|ger</controlfield>
    <datafield tag="041" ind1=" " ind2=" ">
      <subfield code="a">ger</subfield>
    </datafield>
    <datafield tag="084" ind1=" " ind2=" ">
      <subfield code="a">RA05.01 Deutschland</subfield>
    </datafield>
    <datafield tag="225" ind1=" " ind2=" ">
      <subfield code="c">E 5°34'00"-E 8°48'00"/N 51°40'00"-N 49°58'00"</subfield>
    </datafield>
    <datafield tag="245" ind1="1" ind2="0">
      <subfield code="a">Köln</subfield>
      <subfield code="c">Entworfen und bearbeitet von Woerl, gestochen unter seiner Leitung</subfield>
    </datafield>
    <datafield tag="260" ind1=" " ind2=" ">
      <subfield code="a">Freiburg im Breisgau</subfield>
      <subfield code="b">B. Herder</subfield>
      <subfield code="c">[ca. 1840]</subfield>
    </datafield>
    <datafield tag="300" ind1=" " ind2=" ">
      <subfield code="a">1 Kt.</subfield>
      <subfield code="b">Städte und Straßen kolor.</subfield>
      <subfield code="c">49 x 41 cm</subfield>
    </datafield>
    <datafield tag="337" ind1=" " ind2=" ">
      <subfield code="a">Karte</subfield>
    </datafield>
    <datafield tag="500" ind1=" " ind2=" ">
      <subfield code="a">Maßstab in graph. Form (Lieues communes de France, Preussische Meile). - Titel über Kt.-Bild. - Maßstab unter Kt.-Bild. - Vermutlich aus: Karte von Deutschland nebst angrenzenden Ländertheilen : mit Einschluß der Niederlande, Belgien, der Schweiz, des Lombardisch-Venetianischen Königreichs ; mit roth eingedruckten Straßen-Ortspositionen und Grenzen : in 32 Blättern / entworfen und bearb. von J. E. Woerl. Gest. v. F. Bohnert ; [15]. - Relief: angedeutet</subfield>
    </datafield>
    <datafield tag="520" ind1="3" ind2="#">
      <subfield code="a">Umgebung von Köln mit Verkehrswegen</subfield>
    </datafield>
    <datafield tag="650" ind1=" " ind2="4">
      <subfield code="a">Altkarte</subfield>
    </datafield>
    <datafield tag="650" ind1=" " ind2="4">
      <subfield code="a">Verkehrskarte</subfield>
    </datafield>
    <datafield tag="651" ind1=" " ind2="4">
      <subfield code="a">Deutschland</subfield>
    </datafield>
    <datafield tag="651" ind1=" " ind2="4">
      <subfield code="a">Rheinland</subfield>
    </datafield>
    <datafield tag="700" ind1="2" ind2=" ">
      <subfield code="a">Woerl, Joseph Edmund</subfield>
    </datafield>
    <datafield tag="700" ind1="2" ind2=" ">
      <subfield code="a">Bohnert, Friedrich</subfield>
    </datafield>
    <datafield tag="700" ind1="2" ind2=" ">
      <subfield code="a">Herder, Benjamin</subfield>
    </datafield>
    <datafield tag="841" ind1=" " ind2=" ">
      <subfield code="a">em__</subfield>
      <subfield code="b">1840</subfield>
      <subfield code="c">3</subfield>
    </datafield>
    <datafield tag="852" ind1=" " ind2=" ">
      <subfield code="a">DE-185</subfield>
      <subfield code="c">Historische Abteilung</subfield>
      <subfield code="m">HK 0339</subfield>
      <subfield code="t">179262001</subfield>
    </datafield>
    <datafield tag="856" ind1=" " ind2=" ">
      <subfield code="a">https://ifl.wissensbank.com/fastlink.html?search=179262000</subfield>
      <subfield code="3">permalink</subfield>
    </datafield>
    <datafield tag="856" ind1=" " ind2=" ">
      <subfield code="a">https://ifl.wissensbank.com/cgi-bin/starfetch.exe?EuT4RuY7JLWsGPxORmnrD.GyZkBvHpEov1zYmJ6BmixHAtFeQbLhhPC77HjJ2wyUcmLt.@fqmf10sEFqiij9WXnHf2TaQxgb41Av2h0T@vCV9MZM5RUEP2MKjV2qJZ6rLG9m6.8nUfHQcj0g7uoJnw/HK%200339.jpg</subfield>
      <subfield code="3">file</subfield>
    </datafield>
  </record>