
  <record>
    <leader>01250nem  22002893  4500</leader>
    <controlfield tag="001">179263000</controlfield>
    <controlfield tag="003">DE-185</controlfield>
    <controlfield tag="007">ta</controlfield>
    <controlfield tag="008">1762                             i|fre</controlfield>
    <datafield tag="041" ind1=" " ind2=" ">
      <subfield code="a">fre</subfield>
    </datafield>
    <datafield tag="084" ind1=" " ind2=" ">
      <subfield code="a">RA04.06 Frankreich</subfield>
    </datafield>
    <datafield tag="225" ind1=" " ind2=" ">
      <subfield code="c">E 0°34'00"-E 3°36'00"/N 48°38'00"-N 47°09'00"</subfield>
    </datafield>
    <datafield tag="245" ind1="1" ind2="0">
      <subfield code="a">Novissima totius Aureliani Generalitatis Exhibitio</subfield>
      <subfield code="b">In suas XII Electiones Stereographico more divisa ; accuratissime designata, juxtaque limites determinata</subfield>
      <subfield code="c">a J. A. B. Rizzi Zannoni Patavino Math. et Geographiae Professore. Norimbergae sumtibus Hommanianorum Hered.</subfield>
    </datafield>
    <datafield tag="260" ind1=" " ind2=" ">
      <subfield code="a">Norimbergae</subfield>
      <subfield code="b">Hommanianorum Hered. [Homannsche Erben]</subfield>
      <subfield code="c">1762</subfield>
    </datafield>
    <datafield tag="300" ind1=" " ind2=" ">
      <subfield code="a">1 Kt.</subfield>
      <subfield code="b">Grenzen und Flächen kolor.</subfield>
      <subfield code="c">53 x 38 cm</subfield>
    </datafield>
    <datafield tag="337" ind1=" " ind2=" ">
      <subfield code="a">Karte</subfield>
    </datafield>
    <datafield tag="500" ind1=" " ind2=" ">
      <subfield code="a">Maßstab in graph. Form (Lieues de France, Lieues communes d’Allem.). - Titelkartusche oben rechts. - Parallelt. über Kt.-Bild. - Kartusche mit Erl. und Maßstab oben links. - Nullmeridian: Ferro, Paris. - Relief: angedeutet</subfield>
    </datafield>
    <datafield tag="520" ind1="3" ind2="#">
      <subfield code="a">Verwaltungskarte von Orleans und Umgebung</subfield>
    </datafield>
    <datafield tag="650" ind1=" " ind2="4">
      <subfield code="a">Altkarte</subfield>
    </datafield>
    <datafield tag="650" ind1=" " ind2="4">
      <subfield code="a">Verwaltungskarte</subfield>
    </datafield>
    <datafield tag="651" ind1=" " ind2="4">
      <subfield code="a">Frankreich</subfield>
    </datafield>
    <datafield tag="651" ind1=" " ind2="4">
      <subfield code="a">Orléans (reg.)</subfield>
    </datafield>
    <datafield tag="700" ind1="2" ind2=" ">
      <subfield code="a">Rizzi-Zannoni, Giovanni Antonio</subfield>
    </datafield>
    <datafield tag="841" ind1=" " ind2=" ">
      <subfield code="a">em__</subfield>
      <subfield code="b">1762</subfield>
      <subfield code="c">3</subfield>
    </datafield>
    <datafield tag="852" ind1=" " ind2=" ">
      <subfield code="a">DE-185</subfield>
      <subfield code="c">Historische Abteilung</subfield>
      <subfield code="m">HK 0340</subfield>
      <subfield code="t">179263001</subfield>
    </datafield>
    <datafield tag="856" ind1=" " ind2=" ">
      <subfield code="a">https://ifl.wissensbank.com/fastlink.html?search=179263000</subfield>
      <subfield code="3">permalink</subfield>
    </datafield>
    <datafield tag="856" ind1=" " ind2=" ">
      <subfield code="a">https://ifl.wissensbank.com/cgi-bin/starfetch.exe?FmbeyDuERpXa165vi7CkttaAJz3h@XrG0TTQ1Cacr.OAfWmWngU9PZkoK2RP1lsbTFxlOs3i226139mODL9IUQZqAu3jQU.850u3STGBrIq04mPBcp2@7qxl0cq0Ez59rVZMmXGeawbgEuL1wyKsCg/HK340.jpg</subfield>
      <subfield code="3">file</subfield>
    </datafield>
  </record>