
  <record>
    <leader>01250nem  22002893  4500</leader>
    <controlfield tag="001">179264000</controlfield>
    <controlfield tag="003">DE-185</controlfield>
    <controlfield tag="007">ta</controlfield>
    <controlfield tag="008">1707                             i|</controlfield>
    <datafield tag="084" ind1=" " ind2=" ">
      <subfield code="a">RA04.06 Frankreich</subfield>
    </datafield>
    <datafield tag="225" ind1=" " ind2=" ">
      <subfield code="c">W 5°16'00"-W 0°18'00"/N 48°55'00"-N 46°42'00"</subfield>
    </datafield>
    <datafield tag="245" ind1="1" ind2="0">
      <subfield code="a">Tabula Ducatus Britanniae Gallis Le Gouvernem[en]t General De Bretagne</subfield>
      <subfield code="b">in suos Novem Episcopatus, omnes Turonensi Aurel. Archi-Ep. suiectos divisa</subfield>
      <subfield code="c">Editore Ioh. Bapt. Homanno</subfield>
    </datafield>
    <datafield tag="260" ind1=" " ind2=" ">
      <subfield code="a">Norimbergae</subfield>
      <subfield code="b">Homanno</subfield>
      <subfield code="c">[zwischen 1707 und 1712]</subfield>
    </datafield>
    <datafield tag="300" ind1=" " ind2=" ">
      <subfield code="a">1 Kt.</subfield>
      <subfield code="b">Flächenkolor.</subfield>
      <subfield code="c">56 x 47 cm</subfield>
    </datafield>
    <datafield tag="337" ind1=" " ind2=" ">
      <subfield code="a">Karte</subfield>
    </datafield>
    <datafield tag="500" ind1=" " ind2=" ">
      <subfield code="a">Maßstab in graph. Form (Milliaria Gallica Communia, Milliaria Germanica Communia). - Mit 1 Nebenkt.: Brest. - Titelkartusche und Maßstab unten links. - Erl. mitte links. - Vermutlich aus: Atlas mapparum geographicarum generalium et specialium Centum Foliis ; 16. - Relief: angedeutet</subfield>
    </datafield>
    <datafield tag="520" ind1="3" ind2="#">
      <subfield code="a">Verwaltungskarte der Bretagne</subfield>
    </datafield>
    <datafield tag="541" ind1=" " ind2=" ">
      <subfield code="a">Nachlass Maull, Otto</subfield>
    </datafield>
    <datafield tag="650" ind1=" " ind2="4">
      <subfield code="a">Altkarte</subfield>
    </datafield>
    <datafield tag="650" ind1=" " ind2="4">
      <subfield code="a">Verwaltungskarte</subfield>
    </datafield>
    <datafield tag="651" ind1=" " ind2="4">
      <subfield code="a">Frankreich</subfield>
    </datafield>
    <datafield tag="651" ind1=" " ind2="4">
      <subfield code="a">Bretagne</subfield>
    </datafield>
    <datafield tag="700" ind1="2" ind2=" ">
      <subfield code="a">Homann, Johann Baptist</subfield>
    </datafield>
    <datafield tag="841" ind1=" " ind2=" ">
      <subfield code="a">em__</subfield>
      <subfield code="b">1707</subfield>
      <subfield code="c">3</subfield>
    </datafield>
    <datafield tag="852" ind1=" " ind2=" ">
      <subfield code="a">DE-185</subfield>
      <subfield code="c">Historische Abteilung</subfield>
      <subfield code="m">HK 0341</subfield>
      <subfield code="t">179264001</subfield>
    </datafield>
    <datafield tag="856" ind1=" " ind2=" ">
      <subfield code="a">https://ifl.wissensbank.com/fastlink.html?search=179264000</subfield>
      <subfield code="3">permalink</subfield>
    </datafield>
    <datafield tag="856" ind1=" " ind2=" ">
      <subfield code="a">https://ifl.wissensbank.com/cgi-bin/starfetch.exe?rt6kYg8QGK@7r.j92ppKi6ZTM1J24iwHJ.7cTcjyocTkX7rbClud0ItiwtXN2r.kFXq5xGaDpT9prT@vtpM8n1Um4u3NGwRbDjP5y6ZiIT@bbdMQd5Fc@8rx.dMRVC9S4UmSZjrtAyLzgCIaivahCg/HK341.jpg</subfield>
      <subfield code="3">file</subfield>
    </datafield>
  </record>