
  <record>
    <leader>01250nem  22002893  4500</leader>
    <controlfield tag="001">179266000</controlfield>
    <controlfield tag="003">DE-185</controlfield>
    <controlfield tag="007">ta</controlfield>
    <controlfield tag="008">1770                             i|</controlfield>
    <datafield tag="084" ind1=" " ind2=" ">
      <subfield code="a">RA04.06 Frankreich</subfield>
    </datafield>
    <datafield tag="225" ind1=" " ind2=" ">
      <subfield code="c">E 2°42'00"-E 5°49'00"/N 50°00'00"-N 47°33'00"</subfield>
    </datafield>
    <datafield tag="245" ind1="1" ind2="0">
      <subfield code="a">Tabula Geographica Campaniae specialis</subfield>
      <subfield code="b">in suas sic dictas Electiones accurate distincta</subfield>
      <subfield code="c">edita â Ioh. Bapt. Homanni S. C. M. Geogr. Haerede</subfield>
    </datafield>
    <datafield tag="260" ind1=" " ind2=" ">
      <subfield code="a">Norimbergae</subfield>
      <subfield code="b">Homanni Haerede [Homannsche Erben]</subfield>
      <subfield code="c">[nach 1770]</subfield>
    </datafield>
    <datafield tag="300" ind1=" " ind2=" ">
      <subfield code="a">1 Kt.</subfield>
      <subfield code="b">Grenzen und Flächen kolor.</subfield>
      <subfield code="c">48 x 57 cm</subfield>
    </datafield>
    <datafield tag="337" ind1=" " ind2=" ">
      <subfield code="a">Karte</subfield>
    </datafield>
    <datafield tag="500" ind1=" " ind2=" ">
      <subfield code="a">Ohne Maßstab. - Titelkartusche oben rechts. - Mit 2 Stadtansichten: Die Haupt und Crönungs-Stadt Reims in Champaigne. Troyes. - Vermutlich aus: Atlas maior, variis auctoribus maxime Homanno et cetera / 1 ; 70. - Relief: angedeutet</subfield>
    </datafield>
    <datafield tag="520" ind1="3" ind2="#">
      <subfield code="a">Verwaltungskarte der Champagne</subfield>
    </datafield>
    <datafield tag="650" ind1=" " ind2="4">
      <subfield code="a">Altkarte</subfield>
    </datafield>
    <datafield tag="650" ind1=" " ind2="4">
      <subfield code="a">Verwaltungskarte</subfield>
    </datafield>
    <datafield tag="651" ind1=" " ind2="4">
      <subfield code="a">Frankreich</subfield>
    </datafield>
    <datafield tag="651" ind1=" " ind2="4">
      <subfield code="a">Champagne</subfield>
    </datafield>
    <datafield tag="841" ind1=" " ind2=" ">
      <subfield code="a">em__</subfield>
      <subfield code="b">1770</subfield>
      <subfield code="c">3</subfield>
    </datafield>
    <datafield tag="852" ind1=" " ind2=" ">
      <subfield code="a">DE-185</subfield>
      <subfield code="c">Historische Abteilung</subfield>
      <subfield code="m">HK 0343</subfield>
      <subfield code="t">179266001</subfield>
    </datafield>
    <datafield tag="856" ind1=" " ind2=" ">
      <subfield code="a">https://ifl.wissensbank.com/fastlink.html?search=179266000</subfield>
      <subfield code="3">permalink</subfield>
    </datafield>
    <datafield tag="856" ind1=" " ind2=" ">
      <subfield code="a">https://ifl.wissensbank.com/cgi-bin/starfetch.exe?Y8l8DnOtkGqcvse4NXdo8irJGN1S9Pwj6sNvQP1pp5DACbwgnMEWm2.xC2d4ypa95cc1fAAv1.M6.D6PIOD15jDwWCTFIGICeD46m1TdlAmQNrdlD2iMyC7e6VdXPBjrwoDVYrD@o9dLI46SbrtHCg/HK343.jpg</subfield>
      <subfield code="3">file</subfield>
    </datafield>
  </record>