
  <record>
    <leader>01250nem  22002893  4500</leader>
    <controlfield tag="001">179267000</controlfield>
    <controlfield tag="003">DE-185</controlfield>
    <controlfield tag="007">ta</controlfield>
    <controlfield tag="008">1716                             i|</controlfield>
    <datafield tag="084" ind1=" " ind2=" ">
      <subfield code="a">RA02.13 Alpen</subfield>
    </datafield>
    <datafield tag="225" ind1=" " ind2=" ">
      <subfield code="c">E 5°40'00"-E 9°28'00"/N 46°15'00"-N 43°34'00"</subfield>
    </datafield>
    <datafield tag="245" ind1="1" ind2="0">
      <subfield code="a">Regiae Celsitudinis Sabaudicae Status</subfield>
      <subfield code="b">in quo Ducatus Sabaudiae, Principatus Pedemontium Et Ducatus Montisferrati in suas quasque Ditiones &amp; Territoria divisi cum finitimis Regionibus exhibentur</subfield>
      <subfield code="c">Directione et Sumptibus Io. Baptistae Homanni</subfield>
    </datafield>
    <datafield tag="260" ind1=" " ind2=" ">
      <subfield code="a">Norimbergae</subfield>
      <subfield code="b">Homanni</subfield>
      <subfield code="c">[ca. 1716]</subfield>
    </datafield>
    <datafield tag="300" ind1=" " ind2=" ">
      <subfield code="a">1 Kt.</subfield>
      <subfield code="b">Grenzen und Flächen kolor.</subfield>
      <subfield code="c">56 x 49 cm</subfield>
    </datafield>
    <datafield tag="337" ind1=" " ind2=" ">
      <subfield code="a">Karte</subfield>
    </datafield>
    <datafield tag="500" ind1=" " ind2=" ">
      <subfield code="a">Maßstab in graph. Form (Milliaria Germanica communia, Milliaria Italica Communia). - Titelkartusche oben Mitte. - Maßstab unten rechts. - Vermutlich aus: Homann, Johann Baptist : Grosser Atlas Über die Gantze Welt ; 37. - Relief: angedeutet</subfield>
    </datafield>
    <datafield tag="520" ind1="3" ind2="#">
      <subfield code="a">Politische Karte der Westalpen</subfield>
    </datafield>
    <datafield tag="650" ind1=" " ind2="4">
      <subfield code="a">Politische Karte</subfield>
    </datafield>
    <datafield tag="650" ind1=" " ind2="4">
      <subfield code="a">Altkarte</subfield>
    </datafield>
    <datafield tag="651" ind1=" " ind2="4">
      <subfield code="a">Alpen</subfield>
    </datafield>
    <datafield tag="700" ind1="2" ind2=" ">
      <subfield code="a">Homann, Johann Baptist</subfield>
    </datafield>
    <datafield tag="841" ind1=" " ind2=" ">
      <subfield code="a">em__</subfield>
      <subfield code="b">1716</subfield>
      <subfield code="c">3</subfield>
    </datafield>
    <datafield tag="852" ind1=" " ind2=" ">
      <subfield code="a">DE-185</subfield>
      <subfield code="c">Historische Abteilung</subfield>
      <subfield code="m">HK 0344</subfield>
      <subfield code="t">179267001</subfield>
    </datafield>
    <datafield tag="856" ind1=" " ind2=" ">
      <subfield code="a">https://ifl.wissensbank.com/fastlink.html?search=179267000</subfield>
      <subfield code="3">permalink</subfield>
    </datafield>
    <datafield tag="856" ind1=" " ind2=" ">
      <subfield code="a">https://ifl.wissensbank.com/cgi-bin/starfetch.exe?1sxb.ige14egbjWLnLEWcNbaNXLOyw2E@MtUS9r.CIiyQq7eFuGN0zDQTImx@A65S4XxjHVJXqwtXHKELRKn6RPLNwV@ylSYy7HAZf2ZQygEwBLUbbwgWrQSD@vKwSzso@NkKvfjgN9O@amvL0azfw/HK344.jpg</subfield>
      <subfield code="3">file</subfield>
    </datafield>
  </record>