
  <record>
    <leader>01250nem  22002893  4500</leader>
    <controlfield tag="001">179268000</controlfield>
    <controlfield tag="003">DE-185</controlfield>
    <controlfield tag="007">ta</controlfield>
    <controlfield tag="008">1749                             i|</controlfield>
    <datafield tag="084" ind1=" " ind2=" ">
      <subfield code="a">RA04.06 Frankreich</subfield>
    </datafield>
    <datafield tag="084" ind1=" " ind2=" ">
      <subfield code="a">RA06.03 Italien</subfield>
    </datafield>
    <datafield tag="225" ind1=" " ind2=" ">
      <subfield code="c">E 5°36'00"-E 7°54'00"/N 46°28'00"-N 45°02'00"</subfield>
    </datafield>
    <datafield tag="245" ind1="1" ind2="0">
      <subfield code="a">Statuum Italiae Superioris vulgo olim Lombardia dictorum geographica Delineatio</subfield>
      <subfield code="b">VIII foliis ex Subsidiis Dni. de Honstein Capitanei Architectorum Venetorum exhibita, quorum Folium I Ducatum Sabaudicum tanquam Statum Lombardiae conterminum representat ; C[um] P[rivilegio] S[acris] C[aesaris] M[ajestatis] G[ratia]</subfield>
      <subfield code="c">designatum à Tobia Maiero, Soc. C. Sod. Edentibus Homannianis Heredibus</subfield>
    </datafield>
    <datafield tag="260" ind1=" " ind2=" ">
      <subfield code="a">[Nürnberg]</subfield>
      <subfield code="b">Homannianis Heredibus [Homannsche Erben]</subfield>
      <subfield code="c">1749</subfield>
    </datafield>
    <datafield tag="300" ind1=" " ind2=" ">
      <subfield code="a">1 Kt.</subfield>
      <subfield code="b">Grenzen und Flächen kolor.</subfield>
      <subfield code="c">57 x 48 cm</subfield>
    </datafield>
    <datafield tag="337" ind1=" " ind2=" ">
      <subfield code="a">Karte</subfield>
    </datafield>
    <datafield tag="500" ind1=" " ind2=" ">
      <subfield code="a">Ohne Maßstab. - Titelkartusche oben rechts. - Parallelt. oberhalb des Kt.-Bildes. - Relief: angedeutet</subfield>
    </datafield>
    <datafield tag="520" ind1="3" ind2="#">
      <subfield code="a">Savoyen und Umgebung mit Bergen, Flüssen usw.</subfield>
    </datafield>
    <datafield tag="650" ind1=" " ind2="4">
      <subfield code="a">Altkarte</subfield>
    </datafield>
    <datafield tag="651" ind1=" " ind2="4">
      <subfield code="a">Frankreich</subfield>
    </datafield>
    <datafield tag="651" ind1=" " ind2="4">
      <subfield code="a">Italien</subfield>
    </datafield>
    <datafield tag="651" ind1=" " ind2="4">
      <subfield code="a">Savoie</subfield>
    </datafield>
    <datafield tag="651" ind1=" " ind2="4">
      <subfield code="a">Lombardia</subfield>
    </datafield>
    <datafield tag="700" ind1="2" ind2=" ">
      <subfield code="a">Mayer, Tobias</subfield>
    </datafield>
    <datafield tag="841" ind1=" " ind2=" ">
      <subfield code="a">em__</subfield>
      <subfield code="b">1749</subfield>
      <subfield code="c">3</subfield>
    </datafield>
    <datafield tag="852" ind1=" " ind2=" ">
      <subfield code="a">DE-185</subfield>
      <subfield code="c">Historische Abteilung</subfield>
      <subfield code="m">HK 0345</subfield>
      <subfield code="t">179268001</subfield>
    </datafield>
    <datafield tag="856" ind1=" " ind2=" ">
      <subfield code="a">https://ifl.wissensbank.com/fastlink.html?search=179268000</subfield>
      <subfield code="3">permalink</subfield>
    </datafield>
    <datafield tag="856" ind1=" " ind2=" ">
      <subfield code="a">https://ifl.wissensbank.com/cgi-bin/starfetch.exe?uEqTdjocfL7c2Xr@2nR4hELxaB8FP40VlvkMysOEJMghqR3OuOC1GMXXEKZx@mHB1bbEFj2isjUEAgicJhdYgmPaoCqUGKvN4dgMkCOsekAUcFJ6dFlagzTuHTolgTQtq@cil20aVb5f8eDhkf3vCQ/HK345.jpg</subfield>
      <subfield code="3">file</subfield>
    </datafield>
  </record>