
  <record>
    <leader>01250nem  22002893  4500</leader>
    <controlfield tag="001">179270000</controlfield>
    <controlfield tag="003">DE-185</controlfield>
    <controlfield tag="007">ta</controlfield>
    <controlfield tag="008">1748                             i|</controlfield>
    <datafield tag="084" ind1=" " ind2=" ">
      <subfield code="a">RA06.03 Italien</subfield>
    </datafield>
    <datafield tag="225" ind1=" " ind2=" ">
      <subfield code="c">E 9°22'00"-E 15°04'00"/N 45°01'00"-N 41°12'00"</subfield>
    </datafield>
    <datafield tag="245" ind1="1" ind2="0">
      <subfield code="a">Status Ecclesiastici nec non Magni Ducatus Toscanae Nova Tabula Geographica</subfield>
      <subfield code="b">Avec Privilege Imperial</subfield>
      <subfield code="c">secundum principia legitimae Delineationis descripta a Tob. Majero. Curantibus Homannianis Heredibus</subfield>
    </datafield>
    <datafield tag="260" ind1=" " ind2=" ">
      <subfield code="a">Norimbergae</subfield>
      <subfield code="b">Homannianis Heredibus [Homannsche Erben]</subfield>
      <subfield code="c">1748</subfield>
    </datafield>
    <datafield tag="300" ind1=" " ind2=" ">
      <subfield code="a">1 Kt.</subfield>
      <subfield code="b">Grenzen und Flächen kolor.</subfield>
      <subfield code="c">52 x 46 cm</subfield>
    </datafield>
    <datafield tag="337" ind1=" " ind2=" ">
      <subfield code="a">Karte</subfield>
    </datafield>
    <datafield tag="500" ind1=" " ind2=" ">
      <subfield code="a">Maßstab in graph. Form (Milliaria Italica communia, Milliaria Romana recentiora). - Titelkartusche oben rechts. - Parallelt. oberhalb des Kt.-Bildes. - Maßstab unten links. - Erl. oben links. - Nullmeridian: Ferro, Paris. - Vermutlich aus: Atlas Compendiarius : Quinquaginta Tabularum Geographicarum Homannianarum alias in Atlante maiori contentarum ; 13. - Relief: angedeutet</subfield>
    </datafield>
    <datafield tag="520" ind1="3" ind2="#">
      <subfield code="a">Verwaltungskarte der Toskana und Umgebung</subfield>
    </datafield>
    <datafield tag="650" ind1=" " ind2="4">
      <subfield code="a">Altkarte</subfield>
    </datafield>
    <datafield tag="650" ind1=" " ind2="4">
      <subfield code="a">Verwaltungskarte</subfield>
    </datafield>
    <datafield tag="651" ind1=" " ind2="4">
      <subfield code="a">Italien</subfield>
    </datafield>
    <datafield tag="651" ind1=" " ind2="4">
      <subfield code="a">Toscana</subfield>
    </datafield>
    <datafield tag="651" ind1=" " ind2="4">
      <subfield code="a">Kirchenstaat</subfield>
    </datafield>
    <datafield tag="700" ind1="2" ind2=" ">
      <subfield code="a">Mayer, Tobias</subfield>
    </datafield>
    <datafield tag="841" ind1=" " ind2=" ">
      <subfield code="a">em__</subfield>
      <subfield code="b">1748</subfield>
      <subfield code="c">3</subfield>
    </datafield>
    <datafield tag="852" ind1=" " ind2=" ">
      <subfield code="a">DE-185</subfield>
      <subfield code="c">Historische Abteilung</subfield>
      <subfield code="m">HK 0347</subfield>
      <subfield code="t">179270001</subfield>
    </datafield>
    <datafield tag="856" ind1=" " ind2=" ">
      <subfield code="a">https://ifl.wissensbank.com/fastlink.html?search=179270000</subfield>
      <subfield code="3">permalink</subfield>
    </datafield>
    <datafield tag="856" ind1=" " ind2=" ">
      <subfield code="a">https://ifl.wissensbank.com/cgi-bin/starfetch.exe?ipwgv.PPHjTkJYrlIZ96m@m9rQ8Yra1IvWlxnwtM7rAwL58RPSdTBlg4D0AZu2KSR5.gtLnFbScJ5EK4y7kmPTLShNOXUbmHOFtdmRqWlk6HaJzga@K1cIY3VrHP7t7Q@vQDRBUyv3N6ou2BNa3PiQ/HK347.jpg</subfield>
      <subfield code="3">file</subfield>
    </datafield>
  </record>