
  <record>
    <leader>01250nem  22002893  4500</leader>
    <controlfield tag="001">179272000</controlfield>
    <controlfield tag="003">DE-185</controlfield>
    <controlfield tag="007">ta</controlfield>
    <controlfield tag="008">1749                             i|ita</controlfield>
    <datafield tag="041" ind1=" " ind2=" ">
      <subfield code="a">ita</subfield>
    </datafield>
    <datafield tag="084" ind1=" " ind2=" ">
      <subfield code="a">RA06.03 Italien</subfield>
    </datafield>
    <datafield tag="225" ind1=" " ind2=" ">
      <subfield code="c">E 7°16'00"-E 10°18'00"/N 45°08'00"-N 43°14'00"</subfield>
    </datafield>
    <datafield tag="245" ind1="1" ind2="0">
      <subfield code="a">Mappa Geographica Status Genuensis</subfield>
      <subfield code="c">ex subsidiis recentissimis praecipue vero ex maiori mappa du Chafrion. Mediante legitime projiciendi methodo delineata a Tobia Majero Soc. Cosmogr. Sodali. In lucem proferentibus Homannianis Heredibus</subfield>
    </datafield>
    <datafield tag="260" ind1=" " ind2=" ">
      <subfield code="a">[Nürnberg]</subfield>
      <subfield code="b">Homannianis Heredibus [Homannsche Erben]</subfield>
      <subfield code="c">1749</subfield>
    </datafield>
    <datafield tag="300" ind1=" " ind2=" ">
      <subfield code="a">1 Kt.</subfield>
      <subfield code="b">Grenzen und teilw. Flächen kolor.</subfield>
      <subfield code="c">54 x 46 cm</subfield>
    </datafield>
    <datafield tag="337" ind1=" " ind2=" ">
      <subfield code="a">Karte</subfield>
    </datafield>
    <datafield tag="500" ind1=" " ind2=" ">
      <subfield code="a">Maßstab in graph. Form (Milliaria Genuensia Mediolanesia et Toscanica, Milliaria Italica communia). - Titelkartusche unten Mitte. - Parallelt. oberhalb des Kt.-Bildes. - Maßstab unten links. - Erl. unten rechts. - Nullmeridian: Ferro, Paris. - Vermutlich aus: Atlas Compendiarius : Quinquaginta Tabularum Geographicarum Homannianarum alias in Atlante maiori contentarum ; 15. - Relief: angedeutet</subfield>
    </datafield>
    <datafield tag="520" ind1="3" ind2="#">
      <subfield code="a">Verwaltungskarte von Genua und Umgebung</subfield>
    </datafield>
    <datafield tag="650" ind1=" " ind2="4">
      <subfield code="a">Altkarte</subfield>
    </datafield>
    <datafield tag="650" ind1=" " ind2="4">
      <subfield code="a">Verwaltungskarte</subfield>
    </datafield>
    <datafield tag="651" ind1=" " ind2="4">
      <subfield code="a">Italien</subfield>
    </datafield>
    <datafield tag="651" ind1=" " ind2="4">
      <subfield code="a">Liguria</subfield>
    </datafield>
    <datafield tag="651" ind1=" " ind2="4">
      <subfield code="a">Genova (Genua) (reg.)</subfield>
    </datafield>
    <datafield tag="700" ind1="2" ind2=" ">
      <subfield code="a">Mayer, Tobias</subfield>
    </datafield>
    <datafield tag="700" ind1="2" ind2=" ">
      <subfield code="a">Chafrion, José</subfield>
    </datafield>
    <datafield tag="841" ind1=" " ind2=" ">
      <subfield code="a">em__</subfield>
      <subfield code="b">1749</subfield>
      <subfield code="c">3</subfield>
    </datafield>
    <datafield tag="852" ind1=" " ind2=" ">
      <subfield code="a">DE-185</subfield>
      <subfield code="c">Historische Abteilung</subfield>
      <subfield code="m">HK 0349</subfield>
      <subfield code="t">179272001</subfield>
    </datafield>
    <datafield tag="856" ind1=" " ind2=" ">
      <subfield code="a">https://ifl.wissensbank.com/fastlink.html?search=179272000</subfield>
      <subfield code="3">permalink</subfield>
    </datafield>
    <datafield tag="856" ind1=" " ind2=" ">
      <subfield code="a">https://ifl.wissensbank.com/cgi-bin/starfetch.exe?O77xx8DesarFwNrwhLT0ncUHjRLHbTIiLexMIZLRExSPZ8NMqlKjk.M2Jr71eAcS2tF4WNWbHbWfKNQEMmCMLsOo8R7DhiHRCmgmDyMOul.xlr2abzSf1taUYz3YL4sgSbbSU4q6zonF1HLF384gNw/HK349.jpg</subfield>
      <subfield code="3">file</subfield>
    </datafield>
  </record>