
  <record>
    <leader>01250nem  22002893  4500</leader>
    <controlfield tag="001">179275000</controlfield>
    <controlfield tag="003">DE-185</controlfield>
    <controlfield tag="007">ta</controlfield>
    <controlfield tag="008">1766                             i|</controlfield>
    <datafield tag="084" ind1=" " ind2=" ">
      <subfield code="a">RA02.14 Donauraum</subfield>
    </datafield>
    <datafield tag="225" ind1=" " ind2=" ">
      <subfield code="c">E 5°20'00"-E 32°13'00"/N 49°33'00"-N 34°20'00"</subfield>
    </datafield>
    <datafield tag="245" ind1="1" ind2="0">
      <subfield code="a">Totius Danubii cum Adiacentibus Regnis nec non Totius Graeciae et Archipelagi Novissima Tabula</subfield>
      <subfield code="b">C[um] P[rivilegio] S[acris] C[aesaris] M[ajestatis] G[ratia]</subfield>
      <subfield code="c">ex recentissimis subsidiis concinnata et ad Leges Proiectionis Stereographicae legitimae reducta ab Augusto Gottlob Boehmio, Electoris Saxoniae Cohortis Architecton. Milit. Mathematico et Societatis Cosmographicae Sodali. Cura Homannianorum Heredum. Seb. Dorn Sc[ulpsit]</subfield>
    </datafield>
    <datafield tag="260" ind1=" " ind2=" ">
      <subfield code="a">Norimbergae</subfield>
      <subfield code="b">Homannianorum Heredum [Homannsche Erben]</subfield>
      <subfield code="c">1766</subfield>
    </datafield>
    <datafield tag="300" ind1=" " ind2=" ">
      <subfield code="a">1 Kt.</subfield>
      <subfield code="b">Grenzen und teilw. Flächen kolor.</subfield>
      <subfield code="c">54 x 46 cm</subfield>
    </datafield>
    <datafield tag="337" ind1=" " ind2=" ">
      <subfield code="a">Karte</subfield>
    </datafield>
    <datafield tag="500" ind1=" " ind2=" ">
      <subfield code="a">Maßstab in graph. Form (Scala Milliarium Germanic. Commun., Italicorum recentiorum). - Titelkartusche unten Mitte. - Maßstabskartusche unten links. - Relief: angedeutet</subfield>
    </datafield>
    <datafield tag="520" ind1="3" ind2="#">
      <subfield code="a">Verwaltungskarte von Südosteuropa und Italien</subfield>
    </datafield>
    <datafield tag="650" ind1=" " ind2="4">
      <subfield code="a">Altkarte</subfield>
    </datafield>
    <datafield tag="650" ind1=" " ind2="4">
      <subfield code="a">Verwaltungskarte</subfield>
    </datafield>
    <datafield tag="651" ind1=" " ind2="4">
      <subfield code="a">Donauraum</subfield>
    </datafield>
    <datafield tag="651" ind1=" " ind2="4">
      <subfield code="a">Südosteuropa</subfield>
    </datafield>
    <datafield tag="700" ind1="2" ind2=" ">
      <subfield code="a">Böhme, August Gottlob</subfield>
    </datafield>
    <datafield tag="700" ind1="2" ind2=" ">
      <subfield code="a">Dorn, Sebastian</subfield>
    </datafield>
    <datafield tag="841" ind1=" " ind2=" ">
      <subfield code="a">em__</subfield>
      <subfield code="b">1766</subfield>
      <subfield code="c">3</subfield>
    </datafield>
    <datafield tag="852" ind1=" " ind2=" ">
      <subfield code="a">DE-185</subfield>
      <subfield code="c">Historische Abteilung</subfield>
      <subfield code="m">HK 0352</subfield>
      <subfield code="t">179275001</subfield>
    </datafield>
    <datafield tag="856" ind1=" " ind2=" ">
      <subfield code="a">https://ifl.wissensbank.com/fastlink.html?search=179275000</subfield>
      <subfield code="3">permalink</subfield>
    </datafield>
    <datafield tag="856" ind1=" " ind2=" ">
      <subfield code="a">https://ifl.wissensbank.com/cgi-bin/starfetch.exe?X3gOFCTHe8@Z3Lro4v0FUj73ofxJJmFWSN7Inl4a6H2sCRKGp7i3J2XiNFRdEz1oRzupgewOlCbjkyByb28hzKUPZtPs2nhq96fNuDHKnleA.w.rPqBBxV4z@Z1DLE4MfQ9qwjV43PUbqXTXsqY2zg/HK352.jpg</subfield>
      <subfield code="3">file</subfield>
    </datafield>
  </record>