
  <record>
    <leader>01250nem  22002893  4500</leader>
    <controlfield tag="001">179276000</controlfield>
    <controlfield tag="003">DE-185</controlfield>
    <controlfield tag="007">ta</controlfield>
    <controlfield tag="008">1716                             i|</controlfield>
    <datafield tag="084" ind1=" " ind2=" ">
      <subfield code="a">RA08.12 Ungarn</subfield>
    </datafield>
    <datafield tag="225" ind1=" " ind2=" ">
      <subfield code="c">E 15°31'00"-E 26°17'00"/N 49°44'00"-N 43°22'00"</subfield>
    </datafield>
    <datafield tag="245" ind1="1" ind2="0">
      <subfield code="a">Regni Hungariae Tabula Generalis</subfield>
      <subfield code="b">Cum Privilegio Sacrae Caesarea Majestatis</subfield>
      <subfield code="c">ex Archetypo Mülleriano S. C. M. Capit. et Ing. desumta, et in hanc formam contracta Viis Veredariis aucta. Novissimaeque Pacis Passarovicensis Confiniis illustra à Io. Bapt. Homanno Sac. Caes. Mai. Geographo</subfield>
    </datafield>
    <datafield tag="260" ind1=" " ind2=" ">
      <subfield code="a">Norimbergae</subfield>
      <subfield code="c">[zwischen 1716 u. 1724]</subfield>
    </datafield>
    <datafield tag="300" ind1=" " ind2=" ">
      <subfield code="a">1 Kt.</subfield>
      <subfield code="b">Flächenkolor.</subfield>
      <subfield code="c">54 x 46 cm</subfield>
    </datafield>
    <datafield tag="337" ind1=" " ind2=" ">
      <subfield code="a">Karte</subfield>
    </datafield>
    <datafield tag="500" ind1=" " ind2=" ">
      <subfield code="a">Maßstab in graph. Form (Milliaria Hungarica, Milliaria Germanica). - Titelkartusche oben links. - Maßstabskartusche oben rechts. - Vermutlich aus: Sammelatlas / 2 ; 174. - Relief: angedeutet</subfield>
    </datafield>
    <datafield tag="520" ind1="3" ind2="#">
      <subfield code="a">Karte von Ungarn mit Postwegen</subfield>
    </datafield>
    <datafield tag="650" ind1=" " ind2="4">
      <subfield code="a">Altkarte</subfield>
    </datafield>
    <datafield tag="651" ind1=" " ind2="4">
      <subfield code="a">Ungarn</subfield>
    </datafield>
    <datafield tag="700" ind1="2" ind2=" ">
      <subfield code="a">Müller, Johann Christoph</subfield>
    </datafield>
    <datafield tag="700" ind1="2" ind2=" ">
      <subfield code="a">Homann, Johann Baptist</subfield>
    </datafield>
    <datafield tag="841" ind1=" " ind2=" ">
      <subfield code="a">em__</subfield>
      <subfield code="b">1716</subfield>
      <subfield code="c">3</subfield>
    </datafield>
    <datafield tag="852" ind1=" " ind2=" ">
      <subfield code="a">DE-185</subfield>
      <subfield code="c">Historische Abteilung</subfield>
      <subfield code="m">HK 0353</subfield>
      <subfield code="t">179276001</subfield>
    </datafield>
    <datafield tag="856" ind1=" " ind2=" ">
      <subfield code="a">https://ifl.wissensbank.com/fastlink.html?search=179276000</subfield>
      <subfield code="3">permalink</subfield>
    </datafield>
    <datafield tag="856" ind1=" " ind2=" ">
      <subfield code="a">https://ifl.wissensbank.com/cgi-bin/starfetch.exe?EP0YCQvKFvHH5p4HvC@qx8jGX7u2PRWctcqCdatvYz1Clt1zV0ti.nsNN8YKZ@82BjlUyz5FE8ARpEJ8oO1AR1gQkHOMpWgbyH8Sa8wO9o3tcrX6MZgUAHAxklFl8otFaf52bb9Dxl0jzRG567xVfw/HK353.jpg</subfield>
      <subfield code="3">file</subfield>
    </datafield>
  </record>