
  <record>
    <leader>01250nem  22002893  4500</leader>
    <controlfield tag="001">179277000</controlfield>
    <controlfield tag="003">DE-185</controlfield>
    <controlfield tag="007">ta</controlfield>
    <controlfield tag="008">1744                             i|</controlfield>
    <datafield tag="084" ind1=" " ind2=" ">
      <subfield code="a">RA08 Südosteuropa</subfield>
    </datafield>
    <datafield tag="084" ind1=" " ind2=" ">
      <subfield code="a">RA08.12 Ungarn</subfield>
    </datafield>
    <datafield tag="225" ind1=" " ind2=" ">
      <subfield code="c">E 13°31'00"-E 32°07'00"/N 49°30'00"-N 39°51'00"</subfield>
    </datafield>
    <datafield tag="245" ind1="1" ind2="0">
      <subfield code="a">Hungariae ampliori significatu et veteris vel Methodicae, complexae Regna</subfield>
      <subfield code="b">Hungariae, Propriae, Croatiae, Dalmatiae, Bosniae, Serviae, Bulgariae, Cumaniae, Principatum: Transsylvaniae, Despotatus: Walachiae, Moldaviae (exclusis ab eadem alienatis Galitia et Ludomiriria) in suas Provincias ac partes divisae et quoad Imperantes ex Austriacis, Turcis Et Venetis distinctae (iuncta tamen propter commoditatem Romania vel Romelia Turcica) Tabula</subfield>
      <subfield code="c">ex recentissimis pariter et antiquissimis relationibus et monumentis concinnata ac secundum leges Proiectionis Stereographicae legitimae descripta a I. M. Hasio, M. P. P. Curantibus Homannianis Heredibus</subfield>
    </datafield>
    <datafield tag="260" ind1=" " ind2=" ">
      <subfield code="a">[Nürnberg]</subfield>
      <subfield code="b">Homannianis Heredibus [Homannsche Erben]</subfield>
      <subfield code="c">1744</subfield>
    </datafield>
    <datafield tag="300" ind1=" " ind2=" ">
      <subfield code="a">1 Kt.</subfield>
      <subfield code="b">Flächenkolor.</subfield>
      <subfield code="c">59 x 46 cm</subfield>
    </datafield>
    <datafield tag="337" ind1=" " ind2=" ">
      <subfield code="a">Karte</subfield>
    </datafield>
    <datafield tag="500" ind1=" " ind2=" ">
      <subfield code="a">Maßstab in graph. Form (German. commun., Italicor. recentior). - Titelkartusche unten links. - Erl. und Maßstab unten rechts. - Parallelt. oberhalb des Kt.-Bildes. - Nullmeridian: Paris. - Vermutlich aus: Atlas Compendiarius seu ita dictus Scholasticus Minor : in usum erudiendae iuventutis adornatus / Excudentibus Homannianis Heredibus ; 15. - Relief: angedeutet</subfield>
    </datafield>
    <datafield tag="520" ind1="3" ind2="#">
      <subfield code="a">Verwaltungskarte von Südosteuropa mit Städten, Flüssen etc.</subfield>
    </datafield>
    <datafield tag="650" ind1=" " ind2="4">
      <subfield code="a">Altkarte</subfield>
    </datafield>
    <datafield tag="650" ind1=" " ind2="4">
      <subfield code="a">Verwaltungskarte</subfield>
    </datafield>
    <datafield tag="651" ind1=" " ind2="4">
      <subfield code="a">Südosteuropa</subfield>
    </datafield>
    <datafield tag="651" ind1=" " ind2="4">
      <subfield code="a">Ungarn</subfield>
    </datafield>
    <datafield tag="700" ind1="2" ind2=" ">
      <subfield code="a">Haas, Johann Matthias</subfield>
    </datafield>
    <datafield tag="841" ind1=" " ind2=" ">
      <subfield code="a">em__</subfield>
      <subfield code="b">1744</subfield>
      <subfield code="c">3</subfield>
    </datafield>
    <datafield tag="852" ind1=" " ind2=" ">
      <subfield code="a">DE-185</subfield>
      <subfield code="c">Historische Abteilung</subfield>
      <subfield code="m">HK 0354</subfield>
      <subfield code="t">179277001</subfield>
    </datafield>
    <datafield tag="856" ind1=" " ind2=" ">
      <subfield code="a">https://ifl.wissensbank.com/fastlink.html?search=179277000</subfield>
      <subfield code="3">permalink</subfield>
    </datafield>
    <datafield tag="856" ind1=" " ind2=" ">
      <subfield code="a">https://ifl.wissensbank.com/cgi-bin/starfetch.exe?Wc8tNE6VpTkDg5RRhfFUyrA1yUei3zMAaBpP2irwClHGvZog1EpL3FMYj3byRRS8xpplOA1y3dr3GF5ODosEzzChDBx@C64DkIw9vZsMmOzG1kMLm6zleLOPq.yFjTJfKMRqfHCKQvpxq5BzwLyC9Q/HK354.jpg</subfield>
      <subfield code="3">file</subfield>
    </datafield>
  </record>