
  <record>
    <leader>01250nem  22002893  4500</leader>
    <controlfield tag="001">179279000</controlfield>
    <controlfield tag="003">DE-185</controlfield>
    <controlfield tag="007">ta</controlfield>
    <controlfield tag="008">1782                             i|</controlfield>
    <datafield tag="084" ind1=" " ind2=" ">
      <subfield code="a">RA06.01 Portugal</subfield>
    </datafield>
    <datafield tag="084" ind1=" " ind2=" ">
      <subfield code="a">RA06.02 Spanien</subfield>
    </datafield>
    <datafield tag="225" ind1=" " ind2=" ">
      <subfield code="c">W 11°07'00"-E 5°15'00"/N 44°05'00"-N 34°51'00"</subfield>
    </datafield>
    <datafield tag="245" ind1="1" ind2="0">
      <subfield code="a">Regnorum Hispaniae et Portugalliae</subfield>
      <subfield code="b">Tabula generalis ad statum hodiernum in suas Provincias divisa ; Cum Gratia ac Privil[egio] Sac[r]ae Caes[ar]ae Maiest[atis]</subfield>
      <subfield code="c">per D. T. Lopez in nonnullis emendavit F. L. Güssefeld. Edentibus Homannianis Haeredibus</subfield>
    </datafield>
    <datafield tag="260" ind1=" " ind2=" ">
      <subfield code="a">Nuremberg</subfield>
      <subfield code="b">Homannianis Haeredibus [Homannsche Erben]</subfield>
      <subfield code="c">1782</subfield>
    </datafield>
    <datafield tag="300" ind1=" " ind2=" ">
      <subfield code="a">1 Kt.</subfield>
      <subfield code="b">Flächenkolor.</subfield>
      <subfield code="c">58 x 45 cm</subfield>
    </datafield>
    <datafield tag="337" ind1=" " ind2=" ">
      <subfield code="a">Karte</subfield>
    </datafield>
    <datafield tag="500" ind1=" " ind2=" ">
      <subfield code="a">Maßstab in graph. Form (Leguas de una hora de Camino, Leguas legales Castellanas). - Titelkartusche unten rechts. - Maßstab oben rechts. - Erl. unten links. - Parallelt. oberhalb des Kt.-Bildes. - Relief: angedeutet</subfield>
    </datafield>
    <datafield tag="520" ind1="3" ind2="#">
      <subfield code="a">Verwaltungskarte der Iberischen Halbinsel</subfield>
    </datafield>
    <datafield tag="541" ind1=" " ind2=" ">
      <subfield code="a">Nachlass Maull, Otto</subfield>
    </datafield>
    <datafield tag="650" ind1=" " ind2="4">
      <subfield code="a">Altkarte</subfield>
    </datafield>
    <datafield tag="650" ind1=" " ind2="4">
      <subfield code="a">Verwaltungskarte</subfield>
    </datafield>
    <datafield tag="651" ind1=" " ind2="4">
      <subfield code="a">Portugal</subfield>
    </datafield>
    <datafield tag="651" ind1=" " ind2="4">
      <subfield code="a">Spanien</subfield>
    </datafield>
    <datafield tag="700" ind1="2" ind2=" ">
      <subfield code="a">Lopez de Vargas Machuca, Tomas</subfield>
    </datafield>
    <datafield tag="700" ind1="2" ind2=" ">
      <subfield code="a">Güssefeld, Franz Ludwig</subfield>
    </datafield>
    <datafield tag="841" ind1=" " ind2=" ">
      <subfield code="a">em__</subfield>
      <subfield code="b">1782</subfield>
      <subfield code="c">3</subfield>
    </datafield>
    <datafield tag="852" ind1=" " ind2=" ">
      <subfield code="a">DE-185</subfield>
      <subfield code="c">Historische Abteilung</subfield>
      <subfield code="m">HK 0356</subfield>
      <subfield code="t">179279001</subfield>
    </datafield>
    <datafield tag="856" ind1=" " ind2=" ">
      <subfield code="a">https://ifl.wissensbank.com/fastlink.html?search=179279000</subfield>
      <subfield code="3">permalink</subfield>
    </datafield>
    <datafield tag="856" ind1=" " ind2=" ">
      <subfield code="a">https://ifl.wissensbank.com/cgi-bin/starfetch.exe?ixLnWY@NA.f@LAQFdWjQLOnmVxkcknX@eYbGtGjbEggVcBwGjtrM0pVNX7gyt8hHvOzlnsUcFv.fCzWfSPZMizFM5H@EWHBvBZQbg2.f2VzqilYHNvN9PbVrWmgnAs8FK@XCnzFnFwVbFp.VPlxibw/HK356.jpg</subfield>
      <subfield code="3">file</subfield>
    </datafield>
  </record>