
  <record>
    <leader>01250nem  22002893  4500</leader>
    <controlfield tag="001">179281000</controlfield>
    <controlfield tag="003">DE-185</controlfield>
    <controlfield tag="007">ta</controlfield>
    <controlfield tag="008">1747                             i|</controlfield>
    <datafield tag="084" ind1=" " ind2=" ">
      <subfield code="a">RA04.03 Niederlande</subfield>
    </datafield>
    <datafield tag="084" ind1=" " ind2=" ">
      <subfield code="a">RA04.04 Belgien</subfield>
    </datafield>
    <datafield tag="225" ind1=" " ind2=" ">
      <subfield code="c">E 1°27'00"-E 7°00'00"/N 52°05'00"-N 49°08'00"</subfield>
    </datafield>
    <datafield tag="245" ind1="1" ind2="0">
      <subfield code="a">Belgium Catholicum seu Decem Provinciae Germaniae Inferioris</subfield>
      <subfield code="b">cum confiniis Germaniae Sup. et Franciae. Legitime omnia delineata et ad ductum observationum astronomicarum, nec non Geometricarum operationum a Cassinio, Snellio, Muschenbrokio aliisque rite habitarum ; Avec Privil. Imperial</subfield>
      <subfield code="c">examinata studiosissime et representata a Tobias Maiero. Edentibus Homannianis Heredib.</subfield>
    </datafield>
    <datafield tag="260" ind1=" " ind2=" ">
      <subfield code="a">[Nürnberg]</subfield>
      <subfield code="b">Homannianis Heredibus [Homannsche Erben]</subfield>
      <subfield code="c">1747</subfield>
    </datafield>
    <datafield tag="300" ind1=" " ind2=" ">
      <subfield code="a">1 Kt.</subfield>
      <subfield code="b">Flächenkolor.</subfield>
      <subfield code="c">54 x 46 cm</subfield>
    </datafield>
    <datafield tag="337" ind1=" " ind2=" ">
      <subfield code="a">Karte</subfield>
    </datafield>
    <datafield tag="500" ind1=" " ind2=" ">
      <subfield code="a">Maßstab in graph. Form (Hexapedae Parisienses, Perticae Rhenolandicae). - Titelkartusche oben links. - Maßstabskartusche unten links. - Erl. unten rechts. - Parallelt. oberhalb des Kt.-Bildes. - Nullmeridian: Ferro, Paris. - Relief: angedeutet</subfield>
    </datafield>
    <datafield tag="520" ind1="3" ind2="#">
      <subfield code="a">Verwaltungskarte der Österreichischen Niederlande mit Flüssen, Wäldern etc.</subfield>
    </datafield>
    <datafield tag="650" ind1=" " ind2="4">
      <subfield code="a">Altkarte</subfield>
    </datafield>
    <datafield tag="650" ind1=" " ind2="4">
      <subfield code="a">Verwaltungskarte</subfield>
    </datafield>
    <datafield tag="651" ind1=" " ind2="4">
      <subfield code="a">Niederlande</subfield>
    </datafield>
    <datafield tag="651" ind1=" " ind2="4">
      <subfield code="a">Belgien</subfield>
    </datafield>
    <datafield tag="700" ind1="2" ind2=" ">
      <subfield code="a">Mayer, Tobias</subfield>
    </datafield>
    <datafield tag="700" ind1="2" ind2=" ">
      <subfield code="a">Musschenbroek, Pieter van</subfield>
    </datafield>
    <datafield tag="700" ind1="2" ind2=" ">
      <subfield code="a">Snel van Royen, Willibrord</subfield>
    </datafield>
    <datafield tag="700" ind1="2" ind2=" ">
      <subfield code="a">Cassini, Giovanni Domenico</subfield>
    </datafield>
    <datafield tag="841" ind1=" " ind2=" ">
      <subfield code="a">em__</subfield>
      <subfield code="b">1747</subfield>
      <subfield code="c">3</subfield>
    </datafield>
    <datafield tag="852" ind1=" " ind2=" ">
      <subfield code="a">DE-185</subfield>
      <subfield code="c">Historische Abteilung</subfield>
      <subfield code="m">HK 0358</subfield>
      <subfield code="t">179281001</subfield>
    </datafield>
    <datafield tag="856" ind1=" " ind2=" ">
      <subfield code="a">https://ifl.wissensbank.com/fastlink.html?search=179281000</subfield>
      <subfield code="3">permalink</subfield>
    </datafield>
    <datafield tag="856" ind1=" " ind2=" ">
      <subfield code="a">https://ifl.wissensbank.com/cgi-bin/starfetch.exe?K6oob5Zwh0EpnWxG8v27IwPGwchcYwEt957jAFQ99vJWQtKZj0wszHoPiKkjger5M22gav30HFyOIucl4JtKoI9khD7InLOXu5wiPrU9GQ@JIePQV70k8h6dnl9R4r34za3F.YE8Rdwkw.AAqZOU9A/HK358.jpg</subfield>
      <subfield code="3">file</subfield>
    </datafield>
  </record>