
  <record>
    <leader>01250nem  22002893  4500</leader>
    <controlfield tag="001">179295000</controlfield>
    <controlfield tag="003">DE-185</controlfield>
    <controlfield tag="007">ta</controlfield>
    <controlfield tag="008">1750                             i|</controlfield>
    <datafield tag="084" ind1=" " ind2=" ">
      <subfield code="a">RA05.21 Tschechische Republik</subfield>
    </datafield>
    <datafield tag="225" ind1=" " ind2=" ">
      <subfield code="c">E 12°07'00"-E 17°08'00"/N 51°14'00"-N 48°32'00"</subfield>
    </datafield>
    <datafield tag="245" ind1="1" ind2="0">
      <subfield code="a">Bohemiae Regnum in XII Circulos divisum</subfield>
      <subfield code="b">cum Com. Glac. et Distr. Egerano ceterisque circumiacentibus terris</subfield>
      <subfield code="c">ex Müllerianis alysque chorographicis subsidys delineatum Per Homannianos Heredes</subfield>
    </datafield>
    <datafield tag="260" ind1=" " ind2=" ">
      <subfield code="a">[Nürnberg]</subfield>
      <subfield code="b">Homannianos Heredes [Homannsche Erben]</subfield>
      <subfield code="c">ca. 1750</subfield>
    </datafield>
    <datafield tag="300" ind1=" " ind2=" ">
      <subfield code="a">1 Kt.</subfield>
      <subfield code="b">flächenkolor.</subfield>
      <subfield code="c">54 x 46 cm</subfield>
    </datafield>
    <datafield tag="337" ind1=" " ind2=" ">
      <subfield code="a">Karte</subfield>
    </datafield>
    <datafield tag="500" ind1=" " ind2=" ">
      <subfield code="a">Maßstab in graph. Form (Milliaria Bohemica, Milliaria Germanica). - Titelkartusche oben rechts. - Erl. und Maßstab unten links. - Nullmeridian: Paris. - Relief: Einzelberge angedeutet</subfield>
    </datafield>
    <datafield tag="520" ind1="3" ind2="#">
      <subfield code="a">Verwaltungskarte von Böhmen mit Wäldern, Seen, Straßen etc.</subfield>
    </datafield>
    <datafield tag="650" ind1=" " ind2="4">
      <subfield code="a">Altkarte</subfield>
    </datafield>
    <datafield tag="650" ind1=" " ind2="4">
      <subfield code="a">Verwaltungskarte</subfield>
    </datafield>
    <datafield tag="651" ind1=" " ind2="4">
      <subfield code="a">Tschechien</subfield>
    </datafield>
    <datafield tag="651" ind1=" " ind2="4">
      <subfield code="a">Böhmen (Čechy)</subfield>
    </datafield>
    <datafield tag="651" ind1=" " ind2="4">
      <subfield code="a">Glatz (Grafschaft)</subfield>
    </datafield>
    <datafield tag="651" ind1=" " ind2="4">
      <subfield code="a">Cheb (Eger)</subfield>
    </datafield>
    <datafield tag="700" ind1="2" ind2=" ">
      <subfield code="a">Müller, Johann Christoph</subfield>
    </datafield>
    <datafield tag="841" ind1=" " ind2=" ">
      <subfield code="a">em__</subfield>
      <subfield code="b">1750</subfield>
      <subfield code="c">3</subfield>
    </datafield>
    <datafield tag="852" ind1=" " ind2=" ">
      <subfield code="a">DE-185</subfield>
      <subfield code="c">Historische Abteilung</subfield>
      <subfield code="m">HK 0362</subfield>
      <subfield code="t">179295001</subfield>
    </datafield>
    <datafield tag="856" ind1=" " ind2=" ">
      <subfield code="a">https://ifl.wissensbank.com/fastlink.html?search=179295000</subfield>
      <subfield code="3">permalink</subfield>
    </datafield>
    <datafield tag="856" ind1=" " ind2=" ">
      <subfield code="a">https://ifl.wissensbank.com/cgi-bin/starfetch.exe?lfQBofoqW.B8uJkcMgFn8u64aMegKwBnnAJmb@6wwgx23s3JTmPI4x2SlDzvIGAppYg5szTGUxj7c9IQgVFxK2Pfd3VU8Q8BPZu1Pq.tKzmOA1jZbzYZui5rL40HPg@nnBvHu6Tm2Wc7cKda0lC3eA/HK362.jpg</subfield>
      <subfield code="3">file</subfield>
    </datafield>
  </record>