
  <record>
    <leader>01250nem  22002893  4500</leader>
    <controlfield tag="001">179296000</controlfield>
    <controlfield tag="003">DE-185</controlfield>
    <controlfield tag="007">ta</controlfield>
    <controlfield tag="008">1831                             i|ger</controlfield>
    <datafield tag="041" ind1=" " ind2=" ">
      <subfield code="a">ger</subfield>
    </datafield>
    <datafield tag="084" ind1=" " ind2=" ">
      <subfield code="a">RA05.11 Polen</subfield>
    </datafield>
    <datafield tag="225" ind1=" " ind2=" ">
      <subfield code="c">E 12°38'00"-E 37°36'00"/N 57°52'00"-N 47°06'00"</subfield>
    </datafield>
    <datafield tag="245" ind1="1" ind2="0">
      <subfield code="a">Das Land der Polen Vor Seiner Erst[e]n Theilung von 1772 und im gegenwärtigen Stande seit 1815</subfield>
      <subfield code="b">Mit Hinweisungen auf die Zeitereignisse, mit Angebung der Orts Entfernungen u. Bezeichnung der Landes u. Prov. Gränzen</subfield>
      <subfield code="c">Die Orthographie der Ortsnamen ist von dem Polen Chodzko berichtigt. Andere statist. Bemerk. sind mitgetheilt von Woerl</subfield>
    </datafield>
    <datafield tag="260" ind1=" " ind2=" ">
      <subfield code="a">Freiburg im Breisgau</subfield>
      <subfield code="b">Herder'sche Kunst u. Buchhandlg.</subfield>
      <subfield code="c">[ca. 1831]</subfield>
    </datafield>
    <datafield tag="300" ind1=" " ind2=" ">
      <subfield code="a">1 Kt.</subfield>
      <subfield code="b">Grenzen kolor.</subfield>
      <subfield code="c">55 x 44 cm</subfield>
    </datafield>
    <datafield tag="337" ind1=" " ind2=" ">
      <subfield code="a">Karte</subfield>
    </datafield>
    <datafield tag="500" ind1=" " ind2=" ">
      <subfield code="a">Maßstab in graph. Form (Polnische Meilen, Russ. Wersten). - Titel oben links. - Zeichenerkl. und Maßstab unten links. - Erl. zu Flächen, Einwohner, Schlachten. - Nebenkt.: Warschau. - Ohne Relief</subfield>
    </datafield>
    <datafield tag="520" ind1="3" ind2="#">
      <subfield code="a">Verwaltungskarte von Polen mit Flüssen, Straßen etc.</subfield>
    </datafield>
    <datafield tag="650" ind1=" " ind2="4">
      <subfield code="a">Altkarte</subfield>
    </datafield>
    <datafield tag="650" ind1=" " ind2="4">
      <subfield code="a">Verwaltungskarte</subfield>
    </datafield>
    <datafield tag="650" ind1=" " ind2="4">
      <subfield code="a">Politische Karte</subfield>
    </datafield>
    <datafield tag="651" ind1=" " ind2="4">
      <subfield code="a">Polen</subfield>
    </datafield>
    <datafield tag="700" ind1="2" ind2=" ">
      <subfield code="a">Woerl, Joseph Edmund</subfield>
    </datafield>
    <datafield tag="700" ind1="2" ind2=" ">
      <subfield code="a">Chodźko, Józef</subfield>
    </datafield>
    <datafield tag="700" ind1="2" ind2=" ">
      <subfield code="a">Herder, Bartholomä</subfield>
    </datafield>
    <datafield tag="841" ind1=" " ind2=" ">
      <subfield code="a">em__</subfield>
      <subfield code="b">1831</subfield>
      <subfield code="c">3</subfield>
    </datafield>
    <datafield tag="852" ind1=" " ind2=" ">
      <subfield code="a">DE-185</subfield>
      <subfield code="c">Historische Abteilung</subfield>
      <subfield code="m">HK 0363</subfield>
      <subfield code="t">179296001</subfield>
    </datafield>
    <datafield tag="856" ind1=" " ind2=" ">
      <subfield code="a">https://ifl.wissensbank.com/fastlink.html?search=179296000</subfield>
      <subfield code="3">permalink</subfield>
    </datafield>
    <datafield tag="856" ind1=" " ind2=" ">
      <subfield code="a">https://ifl.wissensbank.com/cgi-bin/starfetch.exe?7YYfMYVWztNIZURUxqGTDko7Pptw99rf8Kg8NLOLxOBxz7lU.DVlhL2tpXBNK7uxAeb7bwcdecDiyPGdHM3beYSzKV530U68hizcXJHwg6pwzNsrWG3wXj6J9dvwreYJwuaV@afoRFq1fDG3v9eB4Q/HK363.jpg</subfield>
      <subfield code="3">file</subfield>
    </datafield>
  </record>