
  <record>
    <leader>01250nem  22002893  4500</leader>
    <controlfield tag="001">179297000</controlfield>
    <controlfield tag="003">DE-185</controlfield>
    <controlfield tag="007">ta</controlfield>
    <controlfield tag="008">1797                             i|pol</controlfield>
    <datafield tag="041" ind1=" " ind2=" ">
      <subfield code="a">pol</subfield>
    </datafield>
    <datafield tag="084" ind1=" " ind2=" ">
      <subfield code="a">RA05.11 Polen</subfield>
    </datafield>
    <datafield tag="225" ind1=" " ind2=" ">
      <subfield code="c">E 15°10'00"-E 32°30'00"/N 57°46'00"-N 47°39'00"</subfield>
    </datafield>
    <datafield tag="245" ind1="1" ind2="0">
      <subfield code="a">Polens Ende, durch die letzten Theilungen und Besitznehmungen in den Jahren 1793 und 95 von Preussen, Russland, Oestreich</subfield>
      <subfield code="c">Entworfen von Sirisa</subfield>
    </datafield>
    <datafield tag="260" ind1=" " ind2=" ">
      <subfield code="a">[Warschau]</subfield>
      <subfield code="c">[1797]</subfield>
    </datafield>
    <datafield tag="300" ind1=" " ind2=" ">
      <subfield code="a">1 Kt.</subfield>
      <subfield code="b">flächenkolor.</subfield>
      <subfield code="c">59 x 52 cm</subfield>
    </datafield>
    <datafield tag="337" ind1=" " ind2=" ">
      <subfield code="a">Karte</subfield>
    </datafield>
    <datafield tag="500" ind1=" " ind2=" ">
      <subfield code="a">Maßstab in graph. Form (Gemeine deutsche oder Geographische Meilen, Polnische Meilen). - Titel oben Mitte. - Erl. am Kt.-Rand. - Maßstab unten rechts. - Aus: Hübner, Karl Joseph: Polens Ende . - Relief: Einzelberge angedeutet</subfield>
    </datafield>
    <datafield tag="520" ind1="3" ind2="#">
      <subfield code="a">Geschichtskarte von Polen mit Straßen, Flüssen, Wäldern</subfield>
    </datafield>
    <datafield tag="650" ind1=" " ind2="4">
      <subfield code="a">Altkarte</subfield>
    </datafield>
    <datafield tag="651" ind1=" " ind2="4">
      <subfield code="a">Polen</subfield>
    </datafield>
    <datafield tag="700" ind1="2" ind2=" ">
      <subfield code="a">Hübner, Karl Joseph</subfield>
    </datafield>
    <datafield tag="841" ind1=" " ind2=" ">
      <subfield code="a">em__</subfield>
      <subfield code="b">1797</subfield>
      <subfield code="c">3</subfield>
    </datafield>
    <datafield tag="852" ind1=" " ind2=" ">
      <subfield code="a">DE-185</subfield>
      <subfield code="c">Historische Abteilung</subfield>
      <subfield code="m">HK 0364</subfield>
      <subfield code="t">179297001</subfield>
    </datafield>
    <datafield tag="856" ind1=" " ind2=" ">
      <subfield code="a">https://ifl.wissensbank.com/fastlink.html?search=179297000</subfield>
      <subfield code="3">permalink</subfield>
    </datafield>
    <datafield tag="856" ind1=" " ind2=" ">
      <subfield code="a">https://ifl.wissensbank.com/cgi-bin/starfetch.exe?IpTuuXmt2WjVjLxb3YiFPpmMkCCPQMU3LnHw3VmJffCyK3TAzqDbuWZhzJBDzxT8oj1j7C4YcVZDIpsmTqnGoipqfr@9tVfDMdtERHTzTIko7H4Px@YFmCqlVa8Kg3Y3Y45XqkO03Z2OCyo8EOuczQ/HK364.jpg</subfield>
      <subfield code="3">file</subfield>
    </datafield>
  </record>