
  <record>
    <leader>01250nem  22002893  4500</leader>
    <controlfield tag="001">179300000</controlfield>
    <controlfield tag="003">DE-185</controlfield>
    <controlfield tag="007">ta</controlfield>
    <controlfield tag="008">1715                             i|</controlfield>
    <datafield tag="084" ind1=" " ind2=" ">
      <subfield code="a">RA05.13 Österreich</subfield>
    </datafield>
    <datafield tag="225" ind1=" " ind2=" ">
      <subfield code="c">E 12°52'00"-E 15°06'00"/N 48°49'00"-N 47°15'00"</subfield>
    </datafield>
    <datafield tag="245" ind1="1" ind2="0">
      <subfield code="a">Archiducatus Austriae Superioris in suas Quadrantes Ditiones exacte divisi accuratißima Tabula</subfield>
      <subfield code="c">ex amplissima Rey. Dn. Georg Matth. Vischer Sac. Caes. Maj. (Leopoldi Glor[issi]mae Mem.) Geogra. desumta et exhibita à Ioh. Baptista Homanno</subfield>
    </datafield>
    <datafield tag="260" ind1=" " ind2=" ">
      <subfield code="a">Noribergae</subfield>
      <subfield code="c">[ca. 1715]</subfield>
    </datafield>
    <datafield tag="300" ind1=" " ind2=" ">
      <subfield code="a">1 Kt.</subfield>
      <subfield code="b">flächenkolor.</subfield>
      <subfield code="c">57 x 47 cm</subfield>
    </datafield>
    <datafield tag="337" ind1=" " ind2=" ">
      <subfield code="a">Karte</subfield>
    </datafield>
    <datafield tag="500" ind1=" " ind2=" ">
      <subfield code="a">Maßstab in graph. Form (Milliaria Germanica). - Titelkartusche und Maßstab oben links. - Erl. unten links. - Relief: Einzelberge stilisiert</subfield>
    </datafield>
    <datafield tag="520" ind1="3" ind2="#">
      <subfield code="a">Verwaltungskarte von Oberösterreich mit den vier historischen Vierteln Mühlviertel, Haussviertel (= Hausruckviertel), Traunviertel, Schwarzviertel (= Marchlandviertel)</subfield>
    </datafield>
    <datafield tag="650" ind1=" " ind2="4">
      <subfield code="a">Altkarte</subfield>
    </datafield>
    <datafield tag="650" ind1=" " ind2="4">
      <subfield code="a">Verwaltungskarte</subfield>
    </datafield>
    <datafield tag="651" ind1=" " ind2="4">
      <subfield code="a">Österreich</subfield>
    </datafield>
    <datafield tag="651" ind1=" " ind2="4">
      <subfield code="a">Oberösterreich</subfield>
    </datafield>
    <datafield tag="700" ind1="2" ind2=" ">
      <subfield code="a">Vischer, Georg Matthäus</subfield>
    </datafield>
    <datafield tag="700" ind1="2" ind2=" ">
      <subfield code="a">Homann, Johann Baptist</subfield>
    </datafield>
    <datafield tag="841" ind1=" " ind2=" ">
      <subfield code="a">em__</subfield>
      <subfield code="b">1715</subfield>
      <subfield code="c">3</subfield>
    </datafield>
    <datafield tag="852" ind1=" " ind2=" ">
      <subfield code="a">DE-185</subfield>
      <subfield code="c">Historische Abteilung</subfield>
      <subfield code="m">HK 0365</subfield>
      <subfield code="t">179300001</subfield>
    </datafield>
    <datafield tag="856" ind1=" " ind2=" ">
      <subfield code="a">https://ifl.wissensbank.com/fastlink.html?search=179300000</subfield>
      <subfield code="3">permalink</subfield>
    </datafield>
    <datafield tag="856" ind1=" " ind2=" ">
      <subfield code="a">https://ifl.wissensbank.com/cgi-bin/starfetch.exe?gWNS4hg1oBKllZ0aSGOK7rq2pQWCxh@2ASjySjqxPdac8ooxZf.ps@eAlBUZqAG93aKdTgZ7UVk96rgpCD3Wd5OapQiF7ZOZ6EWtCfPAzfrCGiC6ZVi1qM@TQYeb144KCuUpRNEnG.vtTu1j2AXK6w/HK365.jpg</subfield>
      <subfield code="3">file</subfield>
    </datafield>
  </record>