
  <record>
    <leader>01250nem  22002893  4500</leader>
    <controlfield tag="001">179301000</controlfield>
    <controlfield tag="003">DE-185</controlfield>
    <controlfield tag="007">ta</controlfield>
    <controlfield tag="008">1715                             i|</controlfield>
    <datafield tag="084" ind1=" " ind2=" ">
      <subfield code="a">RA05.13 Österreich</subfield>
    </datafield>
    <datafield tag="225" ind1=" " ind2=" ">
      <subfield code="c">E 14°20'00"-E 17°24'00"/N 48°52'00"-N 47°18'00"</subfield>
    </datafield>
    <datafield tag="245" ind1="1" ind2="0">
      <subfield code="a">Archiducatus Austriae Inferioris In omnes suas Quadrantes Ditiones divisi Nova et exacta Tabula</subfield>
      <subfield code="c">è conatibus Io. Baptistae Homanni</subfield>
    </datafield>
    <datafield tag="260" ind1=" " ind2=" ">
      <subfield code="a">Noribergae</subfield>
      <subfield code="b">[Selbstverl.]</subfield>
      <subfield code="c">[ca. 1715]</subfield>
    </datafield>
    <datafield tag="300" ind1=" " ind2=" ">
      <subfield code="a">1 Kt.</subfield>
      <subfield code="b">flächenkolor.</subfield>
      <subfield code="c">57 x 48 cm</subfield>
    </datafield>
    <datafield tag="337" ind1=" " ind2=" ">
      <subfield code="a">Karte</subfield>
    </datafield>
    <datafield tag="500" ind1=" " ind2=" ">
      <subfield code="a">Maßstab in graph. Form (Milliaria Germanica communia, Milliaria Gallica sive Horae Itineris). - Titel- und Maßstabskartusche unten rechts. - Erl. unten links. - Relief: Einzelberge stilisiert</subfield>
    </datafield>
    <datafield tag="520" ind1="3" ind2="#">
      <subfield code="a">Verwaltungskarte von Niederösterreich mit den Vierteln Unterwienerwald (= Industrieviertel), Oberwienerwald (= Mostviertel), Obermanhartsberg (= Waldviertel) und Untermanhartsberg (= Weinviertel)</subfield>
    </datafield>
    <datafield tag="650" ind1=" " ind2="4">
      <subfield code="a">Altkarte</subfield>
    </datafield>
    <datafield tag="650" ind1=" " ind2="4">
      <subfield code="a">Verwaltungskarte</subfield>
    </datafield>
    <datafield tag="651" ind1=" " ind2="4">
      <subfield code="a">Österreich</subfield>
    </datafield>
    <datafield tag="651" ind1=" " ind2="4">
      <subfield code="a">Niederösterreich</subfield>
    </datafield>
    <datafield tag="700" ind1="2" ind2=" ">
      <subfield code="a">Homann, Johann Baptist</subfield>
    </datafield>
    <datafield tag="841" ind1=" " ind2=" ">
      <subfield code="a">em__</subfield>
      <subfield code="b">1715</subfield>
      <subfield code="c">3</subfield>
    </datafield>
    <datafield tag="852" ind1=" " ind2=" ">
      <subfield code="a">DE-185</subfield>
      <subfield code="c">Historische Abteilung</subfield>
      <subfield code="m">HK 0366</subfield>
      <subfield code="t">179301001</subfield>
    </datafield>
    <datafield tag="856" ind1=" " ind2=" ">
      <subfield code="a">https://ifl.wissensbank.com/fastlink.html?search=179301000</subfield>
      <subfield code="3">permalink</subfield>
    </datafield>
    <datafield tag="856" ind1=" " ind2=" ">
      <subfield code="a">https://ifl.wissensbank.com/cgi-bin/starfetch.exe?VeyPGurr2iBrkUIJf9MMgdVUv.7SyBXXdvVAh@w4NkucQ3UbASeTfqSeXsD8jnj9sP6MzHwgKtw2Swi6JoDX9ZY.Dnfa2Eww2YGmEAVMy7wBELXjiMnH3zqfcwH5B.Y0R8oKBAv8XIlLjYH2WTApvg/HK366.jpg</subfield>
      <subfield code="3">file</subfield>
    </datafield>
  </record>