
  <record>
    <leader>01250nem  22002893  4500</leader>
    <controlfield tag="001">179303000</controlfield>
    <controlfield tag="003">DE-185</controlfield>
    <controlfield tag="007">ta</controlfield>
    <controlfield tag="008">1741                             i|fre</controlfield>
    <datafield tag="041" ind1=" " ind2=" ">
      <subfield code="a">fre</subfield>
    </datafield>
    <datafield tag="084" ind1=" " ind2=" ">
      <subfield code="a">RA04.06 Frankreich</subfield>
    </datafield>
    <datafield tag="225" ind1=" " ind2=" ">
      <subfield code="c">W 5°36'00"-E 10°14'00"/N 51°08'00"-N 42°20'00"</subfield>
    </datafield>
    <datafield tag="245" ind1="1" ind2="0">
      <subfield code="a">Regni Galliae seu Franciae et Navarrae Tabula Geographica</subfield>
      <subfield code="b">in usum Elementorum Geographiae Schazianorum accommodata</subfield>
      <subfield code="c">dressée par Guillaume De L'Isle et accommodée par les Heritiers d'Homann a l'instruction de la Jeunesse</subfield>
    </datafield>
    <datafield tag="260" ind1=" " ind2=" ">
      <subfield code="a">Norimb.</subfield>
      <subfield code="b">Homannianos Heredes [Homannsche Erben]</subfield>
      <subfield code="c">1741</subfield>
    </datafield>
    <datafield tag="300" ind1=" " ind2=" ">
      <subfield code="a">1 Kt.</subfield>
      <subfield code="b">flächenkolor.</subfield>
      <subfield code="c">56 x 47 cm</subfield>
    </datafield>
    <datafield tag="337" ind1=" " ind2=" ">
      <subfield code="a">Karte</subfield>
    </datafield>
    <datafield tag="500" ind1=" " ind2=" ">
      <subfield code="a">Maßstab in graph. Form (Lieues communes de France, Lieues de Paris et de Sologne). - Titelkartusche unten links. - Nebentitel, Maßstab und franz. Verfasserangabe oberhalb des Kt.-Bildes. - Relief: Einzelberge</subfield>
    </datafield>
    <datafield tag="520" ind1="3" ind2="#">
      <subfield code="a">Verwaltungskarte von Frankreich mit Flüssen, ohne Straßen</subfield>
    </datafield>
    <datafield tag="650" ind1=" " ind2="4">
      <subfield code="a">Altkarte</subfield>
    </datafield>
    <datafield tag="650" ind1=" " ind2="4">
      <subfield code="a">Verwaltungskarte</subfield>
    </datafield>
    <datafield tag="651" ind1=" " ind2="4">
      <subfield code="a">Frankreich</subfield>
    </datafield>
    <datafield tag="700" ind1="2" ind2=" ">
      <subfield code="a">L'Isle, Guillaume de</subfield>
    </datafield>
    <datafield tag="700" ind1="2" ind2=" ">
      <subfield code="a">Schatz, Johann Jacob</subfield>
    </datafield>
    <datafield tag="841" ind1=" " ind2=" ">
      <subfield code="a">em__</subfield>
      <subfield code="b">1741</subfield>
      <subfield code="c">3</subfield>
    </datafield>
    <datafield tag="852" ind1=" " ind2=" ">
      <subfield code="a">DE-185</subfield>
      <subfield code="c">Historische Abteilung</subfield>
      <subfield code="m">HK 0368</subfield>
      <subfield code="t">179303001</subfield>
    </datafield>
    <datafield tag="856" ind1=" " ind2=" ">
      <subfield code="a">https://ifl.wissensbank.com/fastlink.html?search=179303000</subfield>
      <subfield code="3">permalink</subfield>
    </datafield>
    <datafield tag="856" ind1=" " ind2=" ">
      <subfield code="a">https://ifl.wissensbank.com/cgi-bin/starfetch.exe?p4gdqlIQ8cqPtPO1.hMl36uRj81wP5XYS7RHFPuCN16yrZIMmqntFJqtIWoL94DVlZG6KXwCq7t@5T6lUXKxqv38MeTCJHBqcNjnVx7q@@x4aTHPwBfJOO0vFQpq7wb9UNtXIVbNgqMfTetd6F4akw/HK368.jpg</subfield>
      <subfield code="3">file</subfield>
    </datafield>
  </record>