
  <record>
    <leader>01250nem  22002893  4500</leader>
    <controlfield tag="001">179305000</controlfield>
    <controlfield tag="003">DE-185</controlfield>
    <controlfield tag="007">ta</controlfield>
    <controlfield tag="008">1746                             i|fre</controlfield>
    <datafield tag="041" ind1=" " ind2=" ">
      <subfield code="a">fre</subfield>
    </datafield>
    <datafield tag="084" ind1=" " ind2=" ">
      <subfield code="a">RA04.06 Frankreich</subfield>
    </datafield>
    <datafield tag="225" ind1=" " ind2=" ">
      <subfield code="c">E 1°22'00"-E 4°28'00"/N 51°02'00"-N 49°24'00"</subfield>
    </datafield>
    <datafield tag="245" ind1="1" ind2="0">
      <subfield code="a">Carte du Gouvernement General De Picardie</subfield>
      <subfield code="b">qui comprend La Generalité D'Amiens avec L'Artois &amp; Les Frontieres Des Pays Bas</subfield>
      <subfield code="c">Dressée sur le Dessin des Cartes de Mr. de L'Isle publiée par les Heritiers de Homan</subfield>
    </datafield>
    <datafield tag="260" ind1=" " ind2=" ">
      <subfield code="a">[Nürnberg]</subfield>
      <subfield code="c">1746</subfield>
    </datafield>
    <datafield tag="300" ind1=" " ind2=" ">
      <subfield code="a">1 Kt.</subfield>
      <subfield code="b">teilw. flächenkolor.</subfield>
      <subfield code="c">54 x 45 cm</subfield>
    </datafield>
    <datafield tag="337" ind1=" " ind2=" ">
      <subfield code="a">Karte</subfield>
    </datafield>
    <datafield tag="500" ind1=" " ind2=" ">
      <subfield code="a">Maßstab in graph. Form (Lieues communes de Picardie &amp; d'Artois, Lieues d'une heure de Chemin). - Titelkartusche oben rechts. - Maßstab oberhalb des Kt.-Bildes. - Erl. unten links. - Nullmeridian: Paris. - Relief: Wälder und Einzelbäume angedeutet</subfield>
    </datafield>
    <datafield tag="520" ind1="3" ind2="#">
      <subfield code="a">Verwaltungskarte von Nordwestfrankreich mit Wäldern, Flüssen, Straßen</subfield>
    </datafield>
    <datafield tag="650" ind1=" " ind2="4">
      <subfield code="a">Altkarte</subfield>
    </datafield>
    <datafield tag="650" ind1=" " ind2="4">
      <subfield code="a">Verwaltungskarte</subfield>
    </datafield>
    <datafield tag="651" ind1=" " ind2="4">
      <subfield code="a">Frankreich</subfield>
    </datafield>
    <datafield tag="651" ind1=" " ind2="4">
      <subfield code="a">Picardie</subfield>
    </datafield>
    <datafield tag="700" ind1="2" ind2=" ">
      <subfield code="a">L'Isle, Guillaume de</subfield>
    </datafield>
    <datafield tag="841" ind1=" " ind2=" ">
      <subfield code="a">em__</subfield>
      <subfield code="b">1746</subfield>
      <subfield code="c">3</subfield>
    </datafield>
    <datafield tag="852" ind1=" " ind2=" ">
      <subfield code="a">DE-185</subfield>
      <subfield code="c">Historische Abteilung</subfield>
      <subfield code="m">HK 0370</subfield>
      <subfield code="t">179305001</subfield>
    </datafield>
    <datafield tag="856" ind1=" " ind2=" ">
      <subfield code="a">https://ifl.wissensbank.com/fastlink.html?search=179305000</subfield>
      <subfield code="3">permalink</subfield>
    </datafield>
    <datafield tag="856" ind1=" " ind2=" ">
      <subfield code="a">https://ifl.wissensbank.com/cgi-bin/starfetch.exe?xBi5heURMpuzEnJInkrfsEwOoGm7ncBImf6JJJ@HE.vT2r0RrNkuoCGiotEQOPeUpxOP.4AnYRcEZorNEP.oJqqXHNdbvN1H6Hw@.hFDpo0Y791hr6reTQo8QS1QOddxUTUcnSjuaaOjulapvSTBsA/HK370.jpg</subfield>
      <subfield code="3">file</subfield>
    </datafield>
  </record>