
  <record>
    <leader>01250nem  22002893  4500</leader>
    <controlfield tag="001">179307000</controlfield>
    <controlfield tag="003">DE-185</controlfield>
    <controlfield tag="007">ta</controlfield>
    <controlfield tag="008">1707                             i|fre</controlfield>
    <datafield tag="041" ind1=" " ind2=" ">
      <subfield code="a">fre</subfield>
    </datafield>
    <datafield tag="084" ind1=" " ind2=" ">
      <subfield code="a">RA04.06 Frankreich</subfield>
    </datafield>
    <datafield tag="225" ind1=" " ind2=" ">
      <subfield code="c">E 5°03'00"-E 7°17'00"/N 48°07'00"-N 46°10'00"</subfield>
    </datafield>
    <datafield tag="245" ind1="1" ind2="0">
      <subfield code="a">Comitatûs Burgundiae</subfield>
      <subfield code="b">tam in Primarias Ejus Praefecturas quam in Minores Earundem Balliviatus aliasque Ditiones subjacentes et insertas a vicinis Regionibus accurate et distinete divisi</subfield>
      <subfield code="c">Nova Repraesentatio Geographica facta A Ioh. Baptista Homanno</subfield>
    </datafield>
    <datafield tag="260" ind1=" " ind2=" ">
      <subfield code="a">Noribergae</subfield>
      <subfield code="c">[zwischen 1707 u. 1712]</subfield>
    </datafield>
    <datafield tag="300" ind1=" " ind2=" ">
      <subfield code="a">1 Kt.</subfield>
      <subfield code="b">flächenkolor.</subfield>
      <subfield code="c">47 x 56 cm</subfield>
    </datafield>
    <datafield tag="337" ind1=" " ind2=" ">
      <subfield code="a">Karte</subfield>
    </datafield>
    <datafield tag="500" ind1=" " ind2=" ">
      <subfield code="a">Maßstab in graph. Form (Milliaria Germanica communia, Milliaria Gallica magna). - Titelkartusche und Maßstab unten rechts. - Erl. unten links. - Relief: Einzelberge, Wälder</subfield>
    </datafield>
    <datafield tag="520" ind1="3" ind2="#">
      <subfield code="a">Verwaltungskarte von Südostfrankreich mit Wäldern, Städten, Flüssen</subfield>
    </datafield>
    <datafield tag="650" ind1=" " ind2="4">
      <subfield code="a">Altkarte</subfield>
    </datafield>
    <datafield tag="650" ind1=" " ind2="4">
      <subfield code="a">Verwaltungskarte</subfield>
    </datafield>
    <datafield tag="651" ind1=" " ind2="4">
      <subfield code="a">Frankreich</subfield>
    </datafield>
    <datafield tag="651" ind1=" " ind2="4">
      <subfield code="a">Bourgogne</subfield>
    </datafield>
    <datafield tag="700" ind1="2" ind2=" ">
      <subfield code="a">Homann, Johann Baptist</subfield>
    </datafield>
    <datafield tag="841" ind1=" " ind2=" ">
      <subfield code="a">em__</subfield>
      <subfield code="b">1707</subfield>
      <subfield code="c">3</subfield>
    </datafield>
    <datafield tag="852" ind1=" " ind2=" ">
      <subfield code="a">DE-185</subfield>
      <subfield code="c">Historische Abteilung</subfield>
      <subfield code="m">HK 0372</subfield>
      <subfield code="t">179307001</subfield>
    </datafield>
    <datafield tag="856" ind1=" " ind2=" ">
      <subfield code="a">https://ifl.wissensbank.com/fastlink.html?search=179307000</subfield>
      <subfield code="3">permalink</subfield>
    </datafield>
    <datafield tag="856" ind1=" " ind2=" ">
      <subfield code="a">https://ifl.wissensbank.com/cgi-bin/starfetch.exe?j2me31wzEpaKt2XGvdkEOk@UIUnYJF7xqayxmQIbjMs0MBhu4uxXPcLu@UPr4HrY1ZQP4DLjYgwX9vRlkfxlabFlz2lKKorCksk1J8TrrJcE@rBR4RUzkiKOklk6OdCuwYKj58Qn0aFCxCvBu8mkdA/HK372.jpg</subfield>
      <subfield code="3">file</subfield>
    </datafield>
  </record>