
  <record>
    <leader>01250nem  22002893  4500</leader>
    <controlfield tag="001">179314000</controlfield>
    <controlfield tag="003">DE-185</controlfield>
    <controlfield tag="007">ta</controlfield>
    <controlfield tag="008">1780                             i|fre</controlfield>
    <datafield tag="041" ind1=" " ind2=" ">
      <subfield code="a">fre</subfield>
      <subfield code="a">ger</subfield>
    </datafield>
    <datafield tag="084" ind1=" " ind2=" ">
      <subfield code="a">RA08.01 Balkan</subfield>
    </datafield>
    <datafield tag="225" ind1=" " ind2=" ">
      <subfield code="c">E 17°59'00"-E 19°39'00"/N 42°47'00"-N 41°55'00"</subfield>
    </datafield>
    <datafield tag="245" ind1="1" ind2="0">
      <subfield code="a">Carte De la partie d'Albanie occupée par le Bacha de Scutari, le District des Montenegrins, et partie des Territoires des Rep[ubli]ques de Venise, et de Raguse.</subfield>
      <subfield code="b">Pour servir de renseignemens à la Carte de Limites des trois Empires</subfield>
      <subfield code="c">bey T. Mollo</subfield>
    </datafield>
    <datafield tag="260" ind1=" " ind2=" ">
      <subfield code="a">Wien</subfield>
      <subfield code="c">[ca. 1780]</subfield>
    </datafield>
    <datafield tag="300" ind1=" " ind2=" ">
      <subfield code="a">1 Kt.</subfield>
      <subfield code="b">Grenzen kolor.</subfield>
      <subfield code="c">43 x 34 cm</subfield>
    </datafield>
    <datafield tag="337" ind1=" " ind2=" ">
      <subfield code="a">Karte</subfield>
    </datafield>
    <datafield tag="500" ind1=" " ind2=" ">
      <subfield code="a">Maßstab in graph. Form (Echelle de cinq Milles d'Allemagne). - Titelkartusche oben links. - Parallelt. unten links. - Maßstab unten Mitte. - Relief: Schraffen</subfield>
    </datafield>
    <datafield tag="520" ind1="3" ind2="#">
      <subfield code="a">Karte von Montenegro und Teilen Albaniens</subfield>
    </datafield>
    <datafield tag="650" ind1=" " ind2="4">
      <subfield code="a">Altkarte</subfield>
    </datafield>
    <datafield tag="651" ind1=" " ind2="4">
      <subfield code="a">Balkan</subfield>
    </datafield>
    <datafield tag="651" ind1=" " ind2="4">
      <subfield code="a">Montenegro</subfield>
    </datafield>
    <datafield tag="651" ind1=" " ind2="4">
      <subfield code="a">Dubrovnik (reg.)</subfield>
    </datafield>
    <datafield tag="651" ind1=" " ind2="4">
      <subfield code="a">Albanien (Nord)</subfield>
    </datafield>
    <datafield tag="700" ind1="2" ind2=" ">
      <subfield code="a">Mollo, Tranquillo</subfield>
    </datafield>
    <datafield tag="841" ind1=" " ind2=" ">
      <subfield code="a">em__</subfield>
      <subfield code="b">1780</subfield>
      <subfield code="c">3</subfield>
    </datafield>
    <datafield tag="852" ind1=" " ind2=" ">
      <subfield code="a">DE-185</subfield>
      <subfield code="c">Historische Abteilung</subfield>
      <subfield code="m">HK 0380</subfield>
      <subfield code="t">179314001</subfield>
    </datafield>
    <datafield tag="856" ind1=" " ind2=" ">
      <subfield code="a">https://ifl.wissensbank.com/fastlink.html?search=179314000</subfield>
      <subfield code="3">permalink</subfield>
    </datafield>
    <datafield tag="856" ind1=" " ind2=" ">
      <subfield code="a">https://ifl.wissensbank.com/cgi-bin/starfetch.exe?NEC.@Rqtl4iLPhV9ry@oKyKVlhJbDUJpz4YA.aPQ.fW0re6xc9iJKBuvbkteh.Bq7J7t@l93eXxG.l5qHzvy6bztrb9bj.8N4yiaN7PYSUn4MnmwlK7NwwRoRU9NFfiwyn8DRwdgMOvgqJpSUmLWZQ/HK%200380.jpg</subfield>
      <subfield code="3">file</subfield>
    </datafield>
  </record>