
  <record>
    <leader>01250nem  22002893  4500</leader>
    <controlfield tag="001">179315000</controlfield>
    <controlfield tag="003">DE-185</controlfield>
    <controlfield tag="007">ta</controlfield>
    <controlfield tag="008">1715                             i|</controlfield>
    <datafield tag="084" ind1=" " ind2=" ">
      <subfield code="a">RP02.01 Osmanisches Reich</subfield>
    </datafield>
    <datafield tag="225" ind1=" " ind2=" ">
      <subfield code="c">E 15°24'00"-E 61°34'00"/N 51°19'00"-N 12°07'00"</subfield>
    </datafield>
    <datafield tag="245" ind1="1" ind2="0">
      <subfield code="a">Imperium Turcicum in Europa, Asia Et Africa</subfield>
      <subfield code="b">Regiones Proprias, Tributarias, Clientelaresque sicut et omnes ejusdem Beglirbegatus Seu Praefecturas Generales exhibens ; Cum Privilegio Sac. Caesarae Maiestatis</subfield>
      <subfield code="c">Sumtibus Io. Baptistae Homanni</subfield>
    </datafield>
    <datafield tag="260" ind1=" " ind2=" ">
      <subfield code="a">Noribergae</subfield>
      <subfield code="c">[nach 1715]</subfield>
    </datafield>
    <datafield tag="300" ind1=" " ind2=" ">
      <subfield code="a">1 Kt.</subfield>
      <subfield code="b">flächenkolor.</subfield>
      <subfield code="c">56 x 48 cm</subfield>
    </datafield>
    <datafield tag="337" ind1=" " ind2=" ">
      <subfield code="a">Karte</subfield>
    </datafield>
    <datafield tag="500" ind1=" " ind2=" ">
      <subfield code="a">Maßstab in graph. Form (Milliaria Germanica communia, Milliaria Gallica communia). - Titelkartusche und Maßstab unten links. - Relief: Einzelberge stilisiert</subfield>
    </datafield>
    <datafield tag="520" ind1="3" ind2="#">
      <subfield code="a">Verwaltungskarte des Nahen Ostens</subfield>
    </datafield>
    <datafield tag="650" ind1=" " ind2="4">
      <subfield code="a">Altkarte</subfield>
    </datafield>
    <datafield tag="651" ind1=" " ind2="4">
      <subfield code="a">Osmanisches Reich</subfield>
    </datafield>
    <datafield tag="651" ind1=" " ind2="4">
      <subfield code="a">Mittelmeerraum</subfield>
    </datafield>
    <datafield tag="651" ind1=" " ind2="4">
      <subfield code="a">Naher und Mittlerer Osten</subfield>
    </datafield>
    <datafield tag="653" ind1="1" ind2=" ">
      <subfield code="a">Osten</subfield>
    </datafield>
    <datafield tag="700" ind1="2" ind2=" ">
      <subfield code="a">Homann, Johann Baptist</subfield>
    </datafield>
    <datafield tag="841" ind1=" " ind2=" ">
      <subfield code="a">em__</subfield>
      <subfield code="b">1715</subfield>
      <subfield code="c">3</subfield>
    </datafield>
    <datafield tag="852" ind1=" " ind2=" ">
      <subfield code="a">DE-185</subfield>
      <subfield code="c">Historische Abteilung</subfield>
      <subfield code="m">HK 0381</subfield>
      <subfield code="t">179315001</subfield>
    </datafield>
    <datafield tag="856" ind1=" " ind2=" ">
      <subfield code="a">https://ifl.wissensbank.com/fastlink.html?search=179315000</subfield>
      <subfield code="3">permalink</subfield>
    </datafield>
    <datafield tag="856" ind1=" " ind2=" ">
      <subfield code="a">https://ifl.wissensbank.com/cgi-bin/starfetch.exe?fCBnkgCKBXsskEmNn8Tt9LKny0cZ4YL68ifTC@gvKxQZCqvIlzCEU4W0RaGUtY1OyjmpVqhkDSxxH5wtozjUx0Yk@d09ot7NoFqOIsHvmA2FngBKeMSXpCmF6vwa1c7OC@eRe1s22Wc4X86.hEw5BA/HK381.jpg</subfield>
      <subfield code="3">file</subfield>
    </datafield>
  </record>