
  <record>
    <leader>01250nem  22002893  4500</leader>
    <controlfield tag="001">179318000</controlfield>
    <controlfield tag="003">DE-185</controlfield>
    <controlfield tag="007">ta</controlfield>
    <controlfield tag="008">1830                             i|ger</controlfield>
    <datafield tag="041" ind1=" " ind2=" ">
      <subfield code="a">ger</subfield>
    </datafield>
    <datafield tag="084" ind1=" " ind2=" ">
      <subfield code="a">RA07.21 Russische Föderation</subfield>
    </datafield>
    <datafield tag="225" ind1=" " ind2=" ">
      <subfield code="c">E 66°15'00"-E 73°42'00"/N 62°04'00"-N 55°35'00"</subfield>
    </datafield>
    <datafield tag="245" ind1="1" ind2="0">
      <subfield code="a">[Flussverlauf Tobol - Irtysch]</subfield>
      <subfield code="b">Supplement zu No. VI</subfield>
    </datafield>
    <datafield tag="260" ind1=" " ind2=" ">
      <subfield code="a">S.l.</subfield>
      <subfield code="c">[ca. 1830]</subfield>
    </datafield>
    <datafield tag="300" ind1=" " ind2=" ">
      <subfield code="a">2 Kt. auf 1 Bl.</subfield>
      <subfield code="b">unkolor.</subfield>
      <subfield code="c">13 x 36 cm</subfield>
    </datafield>
    <datafield tag="337" ind1=" " ind2=" ">
      <subfield code="a">Karte</subfield>
    </datafield>
    <datafield tag="500" ind1=" " ind2=" ">
      <subfield code="a">Obere Kt.: Ohne Maßstab. - Ohne Titel. - Enth.: [Morphologische Karte östlich Schwarzes Meer]. - Ohne Relief</subfield>
    </datafield>
    <datafield tag="520" ind1="3" ind2="#">
      <subfield code="a">Umgebungskarte von Tobolsk mit den Flüssen Tobol und Irtysch</subfield>
    </datafield>
    <datafield tag="650" ind1=" " ind2="4">
      <subfield code="a">Altkarte</subfield>
    </datafield>
    <datafield tag="651" ind1=" " ind2="4">
      <subfield code="a">Russland</subfield>
    </datafield>
    <datafield tag="651" ind1=" " ind2="4">
      <subfield code="a">Tobol</subfield>
    </datafield>
    <datafield tag="651" ind1=" " ind2="4">
      <subfield code="a">Tobol'sk</subfield>
    </datafield>
    <datafield tag="841" ind1=" " ind2=" ">
      <subfield code="a">em__</subfield>
      <subfield code="b">1830</subfield>
      <subfield code="c">3</subfield>
    </datafield>
    <datafield tag="852" ind1=" " ind2=" ">
      <subfield code="a">DE-185</subfield>
      <subfield code="c">Historische Abteilung</subfield>
      <subfield code="m">HK 0382</subfield>
      <subfield code="t">179318001</subfield>
    </datafield>
    <datafield tag="856" ind1=" " ind2=" ">
      <subfield code="a">https://ifl.wissensbank.com/fastlink.html?search=179318000</subfield>
      <subfield code="3">permalink</subfield>
    </datafield>
    <datafield tag="856" ind1=" " ind2=" ">
      <subfield code="a">https://ifl.wissensbank.com/cgi-bin/starfetch.exe?kHqHZbfZOJAauAZF@mYWLLEFbhsCDlwQtGf5YwTr0xtJwwJtswf6FL5wj8GzNQriOvGN6CsW1x1GpX5z6W4ga9U9L6zBG0k4XUf157qUv36lbYDpm1824meaQvzW@rARgrPppO3SyvZqjlh5u@7s4w/HK%200382.jpg</subfield>
      <subfield code="3">file</subfield>
    </datafield>
  </record>