
  <record>
    <leader>01250nem  22002893  4500</leader>
    <controlfield tag="001">179323000</controlfield>
    <controlfield tag="003">DE-185</controlfield>
    <controlfield tag="007">ta</controlfield>
    <controlfield tag="008">1809                             i|ger</controlfield>
    <datafield tag="041" ind1=" " ind2=" ">
      <subfield code="a">ger</subfield>
    </datafield>
    <datafield tag="084" ind1=" " ind2=" ">
      <subfield code="a">RA05.14 Schweiz</subfield>
    </datafield>
    <datafield tag="225" ind1=" " ind2=" ">
      <subfield code="c">E 6°01'00"-E 10°40'00"/N 47°52'00"-N 45°32'00"</subfield>
    </datafield>
    <datafield tag="245" ind1="1" ind2="0">
      <subfield code="a">Charte von Helvetien Und Wallis</subfield>
      <subfield code="c">Nach den neuesten und vorzüglichsten Hülfsmitteln neu entworfen von F. Götze</subfield>
    </datafield>
    <datafield tag="260" ind1=" " ind2=" ">
      <subfield code="a">Weimar</subfield>
      <subfield code="b">Geograph. Institut</subfield>
      <subfield code="c">1809</subfield>
    </datafield>
    <datafield tag="300" ind1=" " ind2=" ">
      <subfield code="a">1 Kt.</subfield>
      <subfield code="b">Grenzen kolor.</subfield>
      <subfield code="c">59 x 44 cm</subfield>
    </datafield>
    <datafield tag="337" ind1=" " ind2=" ">
      <subfield code="a">Karte</subfield>
    </datafield>
    <datafield tag="500" ind1=" " ind2=" ">
      <subfield code="a">Maßstab in graph. Form (Teutsche Meilen, Schweizer Meilen). - Titel oben links. - Maßstab unten rechts. - Erkl. der Zahlen unten links. - Höhenangaben einiger Städte unten Mitte. - Erl. zu Längen und Breiten einiger Städte oben rechts. - Nullmeridian: Paris. - Relief: Schraffen</subfield>
    </datafield>
    <datafield tag="520" ind1="3" ind2="#">
      <subfield code="a">Verwaltungskarte der Schweiz zwischen Genfer See, Bodensee und Comer See mit Straßen und Flüssen</subfield>
    </datafield>
    <datafield tag="650" ind1=" " ind2="4">
      <subfield code="a">Altkarte</subfield>
    </datafield>
    <datafield tag="650" ind1=" " ind2="4">
      <subfield code="a">Verwaltungskarte</subfield>
    </datafield>
    <datafield tag="651" ind1=" " ind2="4">
      <subfield code="a">Schweiz</subfield>
    </datafield>
    <datafield tag="700" ind1="2" ind2=" ">
      <subfield code="a">Götze, Johann August Ferdinand</subfield>
    </datafield>
    <datafield tag="841" ind1=" " ind2=" ">
      <subfield code="a">em__</subfield>
      <subfield code="b">1809</subfield>
      <subfield code="c">3</subfield>
    </datafield>
    <datafield tag="852" ind1=" " ind2=" ">
      <subfield code="a">DE-185</subfield>
      <subfield code="c">Historische Abteilung</subfield>
      <subfield code="m">HK 0388</subfield>
      <subfield code="t">179323001</subfield>
    </datafield>
    <datafield tag="856" ind1=" " ind2=" ">
      <subfield code="a">https://ifl.wissensbank.com/fastlink.html?search=179323000</subfield>
      <subfield code="3">permalink</subfield>
    </datafield>
    <datafield tag="856" ind1=" " ind2=" ">
      <subfield code="a">https://ifl.wissensbank.com/cgi-bin/starfetch.exe?a9RiacgObR9B2N8Gcl2AwSQhYe6VAIxy8WjyqC7hUGPS@.GnxyLJzPC9y5JBHqo0JGQEXsh3U9FaTC4rxAXj3@zUayNvsUNN0yMMVIaYlOSV2qMNNfewonMq6nS8yg6MlvZdEed1Q8S.0ReNPyidOw/HK388.jpg</subfield>
      <subfield code="3">file</subfield>
    </datafield>
  </record>