
  <record>
    <leader>01250nem  22002893  4500</leader>
    <controlfield tag="001">179324000</controlfield>
    <controlfield tag="003">DE-185</controlfield>
    <controlfield tag="007">ta</controlfield>
    <controlfield tag="008">1871                             i|ger</controlfield>
    <datafield tag="041" ind1=" " ind2=" ">
      <subfield code="a">ger</subfield>
    </datafield>
    <datafield tag="084" ind1=" " ind2=" ">
      <subfield code="a">RL04 Mittelmeer/Mittelmeerraum</subfield>
    </datafield>
    <datafield tag="225" ind1=" " ind2=" ">
      <subfield code="c">W 10°05'00"-E 37°00'00"/N 46°05'00"-N 29°38'00"</subfield>
    </datafield>
    <datafield tag="245" ind1="1" ind2="0">
      <subfield code="a">Land- und Seekarte des mittelländischen Meeres</subfield>
      <subfield code="b">Nebst Den Angrenzenden Ländern</subfield>
      <subfield code="c">von Dr. Henry Lange</subfield>
    </datafield>
    <datafield tag="250" ind1=" " ind2=" ">
      <subfield code="a">2. Aufl.</subfield>
    </datafield>
    <datafield tag="260" ind1=" " ind2=" ">
      <subfield code="a">Triest</subfield>
      <subfield code="b">literarisch-artistische Anstalt von Julius Ohswaldt</subfield>
      <subfield code="c">1871</subfield>
    </datafield>
    <datafield tag="300" ind1=" " ind2=" ">
      <subfield code="a">1 Kt. auf 8 Bl.</subfield>
      <subfield code="b">Grenzen kolor.</subfield>
      <subfield code="c">Gesamtgr. 183 x 83 cm, je Teil ca. 45 x 41, gefaltet 48 x 43 cm</subfield>
    </datafield>
    <datafield tag="337" ind1=" " ind2=" ">
      <subfield code="a">Karte</subfield>
    </datafield>
    <datafield tag="500" ind1=" " ind2=" ">
      <subfield code="a">Maßstab der Karte ist 10 geogr. Meilen - 1 engl. Zoll oder 1:2.956.000. - Titel, Maßstab und Erl. unten links. - Nullmeridian: Paris. - Mit 6 Nebenkt.: Hafen von Alger. Hafen von Tunes. Hafen von Alger. Rhede von Port Saïd. Telegraphen- und Dampfschiffverbindung. Von Cairo nach Wadi Halfa. - Alle 8 Bl. zu einer Großkt. auf Leinen aufgezogen, gefaltet. - Relief: Schraffen</subfield>
    </datafield>
    <datafield tag="520" ind1="3" ind2="#">
      <subfield code="a">Dargestelltes Gebiet: Mittelmeer, Süd- und Südosteuropa, Kleinasien und Nordafrika mit Schiffsrouten, Meerestiefen, Siedlungen, Flüssen</subfield>
    </datafield>
    <datafield tag="650" ind1=" " ind2="4">
      <subfield code="a">Altkarte</subfield>
    </datafield>
    <datafield tag="651" ind1=" " ind2="4">
      <subfield code="a">Mittelmeerraum</subfield>
    </datafield>
    <datafield tag="651" ind1=" " ind2="4">
      <subfield code="a">Mittelmeer</subfield>
    </datafield>
    <datafield tag="700" ind1="2" ind2=" ">
      <subfield code="a">Lange, Henry</subfield>
    </datafield>
    <datafield tag="700" ind1="2" ind2=" ">
      <subfield code="a">Ohswaldt, Julius</subfield>
    </datafield>
    <datafield tag="841" ind1=" " ind2=" ">
      <subfield code="a">em__</subfield>
      <subfield code="b">1871</subfield>
      <subfield code="c">3</subfield>
    </datafield>
    <datafield tag="852" ind1=" " ind2=" ">
      <subfield code="a">DE-185</subfield>
      <subfield code="c">Historische Abteilung</subfield>
      <subfield code="m">HK 0383</subfield>
      <subfield code="t">179324001</subfield>
    </datafield>
    <datafield tag="856" ind1=" " ind2=" ">
      <subfield code="a">https://ifl.wissensbank.com/fastlink.html?search=179324000</subfield>
      <subfield code="3">permalink</subfield>
    </datafield>
    <datafield tag="856" ind1=" " ind2=" ">
      <subfield code="a">https://ifl.wissensbank.com/cgi-bin/starfetch.exe?WoKyQDN6qMrFx6.5OgbK3xaiLiIMaZHZqV4AjbBt@D9jFBdSXVQGd0.uHQwMLf7Ma1qCpuNl4tk.5RvrJqDaoyUrq4yko4kMd4dOyOzMLy34t70qsR@3H3H9bjqQgH6Zwm2E08k8BTxkyLaXC7.Zyw/HK383gesamt.jpg</subfield>
      <subfield code="3">file</subfield>
    </datafield>
  </record>