
  <record>
    <leader>01250nem  22002893  4500</leader>
    <controlfield tag="001">179325000</controlfield>
    <controlfield tag="003">DE-185</controlfield>
    <controlfield tag="007">ta</controlfield>
    <controlfield tag="008">1828                             i|ger</controlfield>
    <datafield tag="041" ind1=" " ind2=" ">
      <subfield code="a">ger</subfield>
    </datafield>
    <datafield tag="084" ind1=" " ind2=" ">
      <subfield code="a">RA07.21 Russische Föderation</subfield>
    </datafield>
    <datafield tag="225" ind1=" " ind2=" ">
      <subfield code="c">E 13°57'00"-E 33°17'00"/N 71°48'00"-N 64°38'00"</subfield>
    </datafield>
    <datafield tag="245" ind1="1" ind2="0">
      <subfield code="a">Allgemeine Post- und Strassen-Karte des Russischen Reichs in Europa</subfield>
      <subfield code="b">nebst den angränzenden Theilen von Schweden, Preussen, Pohlen, Österreich und der Türkey</subfield>
      <subfield code="c">nach der großen Russischen Karte von Suchtelen und Oppermann sowie nach der neuesten Postkarte des K. milit. topogr. Bureau in St. Petersbourg</subfield>
    </datafield>
    <datafield tag="260" ind1=" " ind2=" ">
      <subfield code="a">Wien</subfield>
      <subfield code="b">Artaria und Compag.</subfield>
      <subfield code="c">1828</subfield>
    </datafield>
    <datafield tag="300" ind1=" " ind2=" ">
      <subfield code="a">1 Kt. auf 12 Bl.</subfield>
      <subfield code="b">Grenzen kolor.</subfield>
      <subfield code="c">Gesamtgr. 152 x 129 cm, je Teil 43 x 38 cm</subfield>
    </datafield>
    <datafield tag="337" ind1=" " ind2=" ">
      <subfield code="a">Karte</subfield>
    </datafield>
    <datafield tag="500" ind1=" " ind2=" ">
      <subfield code="a">Maßstab in graph. Form (Russische Werste, Deutsche geographische Meilen). - Titel und Erl. zur Aussprache der Ortschaften unten rechts. - Parallelt. und Maßstab oben links. - Ältere handschriftl. fortlfd. Zählung auf jedem Bl., rechts unterhalb Kt.-Bild (21960 - 21971). - Relief: Bergstriche</subfield>
    </datafield>
    <datafield tag="520" ind1="3" ind2="#">
      <subfield code="a">Verwaltungskarte vom europäischen Russland mit angrenzenden Staaten; mit Flüssen, Entfernungsangaben, Straßen</subfield>
    </datafield>
    <datafield tag="650" ind1=" " ind2="4">
      <subfield code="a">Altkarte</subfield>
    </datafield>
    <datafield tag="650" ind1=" " ind2="4">
      <subfield code="a">Verwaltungskarte</subfield>
    </datafield>
    <datafield tag="651" ind1=" " ind2="4">
      <subfield code="a">Russland</subfield>
    </datafield>
    <datafield tag="700" ind1="2" ind2=" ">
      <subfield code="a">Oppermann, Karl</subfield>
    </datafield>
    <datafield tag="700" ind1="2" ind2=" ">
      <subfield code="a">Suchtelen, ...</subfield>
    </datafield>
    <datafield tag="841" ind1=" " ind2=" ">
      <subfield code="a">em__</subfield>
      <subfield code="b">1828</subfield>
      <subfield code="c">3</subfield>
    </datafield>
    <datafield tag="852" ind1=" " ind2=" ">
      <subfield code="a">DE-185</subfield>
      <subfield code="c">Historische Abteilung</subfield>
      <subfield code="m">HK 0390 - 01</subfield>
      <subfield code="t">179325001</subfield>
    </datafield>
    <datafield tag="856" ind1=" " ind2=" ">
      <subfield code="a">https://ifl.wissensbank.com/fastlink.html?search=179325000</subfield>
      <subfield code="3">permalink</subfield>
    </datafield>
    <datafield tag="856" ind1=" " ind2=" ">
      <subfield code="a">https://ifl.wissensbank.com/cgi-bin/starfetch.exe?DkYs7D4p9seoCVVJF8X3V91@ebmHOHrpZUAf4kjEi8GsF5DOE2s0DC@1XWrtTwCH1i1MShbVROZO0azUf15GVA6P7GZF4mQrALbxUp664VklUT@wUVZNuuhQZDtuVhrLzkgXcrtwu81hlwu83SxxBA/HK%200390%20%2d%2001.jpg</subfield>
      <subfield code="3">file</subfield>
    </datafield>
  </record>