
  <record>
    <leader>01250nem  22002893  4500</leader>
    <controlfield tag="001">179329000</controlfield>
    <controlfield tag="003">DE-185</controlfield>
    <controlfield tag="007">ta</controlfield>
    <controlfield tag="008">1783                             i|</controlfield>
    <datafield tag="084" ind1=" " ind2=" ">
      <subfield code="a">RA04.06 Frankreich</subfield>
    </datafield>
    <datafield tag="225" ind1=" " ind2=" ">
      <subfield code="c">W 5°44'00"-E 9°17'00"/N 51°50'00"-N 42°12'00"</subfield>
    </datafield>
    <datafield tag="245" ind1="1" ind2="0">
      <subfield code="a">Gallia Antiqua</subfield>
      <subfield code="b">Ex Aevi Romani Monumentis Eruta Et Serenissimi Carnutum Ducis Munificentia Publici Iuris Facta</subfield>
      <subfield code="c">Auctor D'Anville. I. Bek. sc.</subfield>
    </datafield>
    <datafield tag="260" ind1=" " ind2=" ">
      <subfield code="a">Norimbergae</subfield>
      <subfield code="b">Officina Weigelio-Schneideriana [Schneider &amp; Weigel]</subfield>
      <subfield code="c">1783</subfield>
    </datafield>
    <datafield tag="300" ind1=" " ind2=" ">
      <subfield code="a">1 Kt.</subfield>
      <subfield code="b">Grenzen kolor.</subfield>
      <subfield code="c">57 x 45 cm</subfield>
    </datafield>
    <datafield tag="337" ind1=" " ind2=" ">
      <subfield code="a">Karte</subfield>
    </datafield>
    <datafield tag="500" ind1=" " ind2=" ">
      <subfield code="a">Maßstab in graph. Form (Milliaria Romana, Leucae Gallicae). - Titel, Erl. zu Provinzen und Maßstab oben links. - Mit 2 Nebenkt.: Provinciae Romanae fere integrae Tabula Specialis et Amplior. Batavorum Insulae plenior descriptio. - Relief: Berge angedeutet</subfield>
    </datafield>
    <datafield tag="520" ind1="3" ind2="#">
      <subfield code="a">Geschichtskarte von Frankreich mit Flüssen, Straßen und Siedlungen</subfield>
    </datafield>
    <datafield tag="650" ind1=" " ind2="4">
      <subfield code="a">Altkarte</subfield>
    </datafield>
    <datafield tag="650" ind1=" " ind2="4">
      <subfield code="a">Geschichtskarte</subfield>
    </datafield>
    <datafield tag="651" ind1=" " ind2="4">
      <subfield code="a">Frankreich</subfield>
    </datafield>
    <datafield tag="651" ind1=" " ind2="4">
      <subfield code="a">Römisches Reich</subfield>
    </datafield>
    <datafield tag="700" ind1="2" ind2=" ">
      <subfield code="a">Bek., I.</subfield>
    </datafield>
    <datafield tag="700" ind1="2" ind2=" ">
      <subfield code="a">Anville, Jean-Baptiste Bourguignon d'</subfield>
    </datafield>
    <datafield tag="700" ind1="2" ind2=" ">
      <subfield code="a">Schneider, Adam Gottlieb</subfield>
    </datafield>
    <datafield tag="700" ind1="2" ind2=" ">
      <subfield code="a">Weigel, Christoph (d. J.)</subfield>
    </datafield>
    <datafield tag="841" ind1=" " ind2=" ">
      <subfield code="a">em__</subfield>
      <subfield code="b">1783</subfield>
      <subfield code="c">3</subfield>
    </datafield>
    <datafield tag="852" ind1=" " ind2=" ">
      <subfield code="a">DE-185</subfield>
      <subfield code="c">Historische Abteilung</subfield>
      <subfield code="m">HK 0412</subfield>
      <subfield code="t">179329001</subfield>
    </datafield>
    <datafield tag="856" ind1=" " ind2=" ">
      <subfield code="a">https://ifl.wissensbank.com/fastlink.html?search=179329000</subfield>
      <subfield code="3">permalink</subfield>
    </datafield>
    <datafield tag="856" ind1=" " ind2=" ">
      <subfield code="a">https://ifl.wissensbank.com/cgi-bin/starfetch.exe?iWvChRKqUmtbD.tp8iyWvJRDrzGzqWAl8Wx5Eh.D3sMH@LJ4z5JzWXnycK@AWlOeUr53yeFF9potru5KzIqp1S3@jJt@SNoPFFcUvbkLu6ABFFzOrY9Jr7lOzGRnBxCIDMpI14JbEhV8mhCxgdX1ww/HK412.jpg</subfield>
      <subfield code="3">file</subfield>
    </datafield>
  </record>