
  <record>
    <leader>01250nem  22002893  4500</leader>
    <controlfield tag="001">179331000</controlfield>
    <controlfield tag="003">DE-185</controlfield>
    <controlfield tag="007">ta</controlfield>
    <controlfield tag="008">1800                             i|ger</controlfield>
    <datafield tag="041" ind1=" " ind2=" ">
      <subfield code="a">ger</subfield>
    </datafield>
    <datafield tag="084" ind1=" " ind2=" ">
      <subfield code="a">RA04.06 Frankreich</subfield>
    </datafield>
    <datafield tag="225" ind1=" " ind2=" ">
      <subfield code="c">W 5°36'00"-E 12°56'00"/N 51°13'00"-N 42°15'00"</subfield>
    </datafield>
    <datafield tag="245" ind1="1" ind2="0">
      <subfield code="a">Karte von Frankreich</subfield>
      <subfield code="b">Nach der letzten Granz-Berichtigung</subfield>
      <subfield code="c">Gestochen von F. Müller</subfield>
    </datafield>
    <datafield tag="260" ind1=" " ind2=" ">
      <subfield code="a">Wien</subfield>
      <subfield code="b">T. Mollo und Comp.</subfield>
      <subfield code="c">[ca. 1800]</subfield>
    </datafield>
    <datafield tag="300" ind1=" " ind2=" ">
      <subfield code="a">1 Kt.</subfield>
      <subfield code="b">Grenzen kolor.</subfield>
      <subfield code="c">72 x 51 cm</subfield>
    </datafield>
    <datafield tag="337" ind1=" " ind2=" ">
      <subfield code="a">Karte</subfield>
    </datafield>
    <datafield tag="500" ind1=" " ind2=" ">
      <subfield code="a">Maßstab in graph. Form (Geographische oder deutsche Meilen, Französische und Englische Meilen). - Titelkartusche und Maßstab links Mitte. - Erl. zu den Départements am rechten Kt.-Rand. - Relief: Einzelberge angedeutet</subfield>
    </datafield>
    <datafield tag="520" ind1="3" ind2="#">
      <subfield code="a">Verwaltungskarte von Frankreich mit Flüssen und Siedlungen</subfield>
    </datafield>
    <datafield tag="650" ind1=" " ind2="4">
      <subfield code="a">Altkarte</subfield>
    </datafield>
    <datafield tag="650" ind1=" " ind2="4">
      <subfield code="a">Verwaltungskarte</subfield>
    </datafield>
    <datafield tag="651" ind1=" " ind2="4">
      <subfield code="a">Frankreich</subfield>
    </datafield>
    <datafield tag="700" ind1="2" ind2=" ">
      <subfield code="a">Müller, Franz T.</subfield>
    </datafield>
    <datafield tag="700" ind1="2" ind2=" ">
      <subfield code="a">Mollo, Tranquillo</subfield>
    </datafield>
    <datafield tag="841" ind1=" " ind2=" ">
      <subfield code="a">em__</subfield>
      <subfield code="b">1800</subfield>
      <subfield code="c">3</subfield>
    </datafield>
    <datafield tag="852" ind1=" " ind2=" ">
      <subfield code="a">DE-185</subfield>
      <subfield code="c">Historische Abteilung</subfield>
      <subfield code="m">HK 0413</subfield>
      <subfield code="t">179331001</subfield>
    </datafield>
    <datafield tag="856" ind1=" " ind2=" ">
      <subfield code="a">https://ifl.wissensbank.com/fastlink.html?search=179331000</subfield>
      <subfield code="3">permalink</subfield>
    </datafield>
    <datafield tag="856" ind1=" " ind2=" ">
      <subfield code="a">https://ifl.wissensbank.com/cgi-bin/starfetch.exe?RUdyDxhUZI9aEW10yUr7kEZPPfgJj1dEhKKh2JdD2GIPCiOHiFbMU5ZEMh@.SQNggV71NXe.yE5sB7dlELRmuqmNTOdbzp8.ptoK4ptzQ2pHWrGlPhrVxMrnWfaZ83W86dFQ.jQqx9oSUQTPvrsR3Q/HK413.jpg</subfield>
      <subfield code="3">file</subfield>
    </datafield>
  </record>