
  <record>
    <leader>01250nem  22002893  4500</leader>
    <controlfield tag="001">179334000</controlfield>
    <controlfield tag="003">DE-185</controlfield>
    <controlfield tag="007">ta</controlfield>
    <controlfield tag="008">1807                             i|ger</controlfield>
    <datafield tag="041" ind1=" " ind2=" ">
      <subfield code="a">ger</subfield>
    </datafield>
    <datafield tag="084" ind1=" " ind2=" ">
      <subfield code="a">RA08 Südosteuropa</subfield>
    </datafield>
    <datafield tag="084" ind1=" " ind2=" ">
      <subfield code="a">RP02.01 Osmanisches Reich</subfield>
    </datafield>
    <datafield tag="225" ind1=" " ind2=" ">
      <subfield code="c">E 13°28'00"-E 18°42'00"/N 48°19'00"-N 39°59'00"</subfield>
    </datafield>
    <datafield tag="245" ind1="1" ind2="0">
      <subfield code="a">Kriegstheater zwischen Russland Und Der Ottomanischen Pforte</subfield>
      <subfield code="b">enthaltend den südlichen Theil des Russischen Reichs das Asowische und schwarze Meer die ganze Moldau, Wallachey, Bosnien, Serbien, Bessarabien, Romanien, Bulgarien, Macedonien, Albanien, Dalmatien, Croatien, Sclavonien, Siebenbürgen, ein Theil von Ungarn</subfield>
      <subfield code="c">Verfasst nach Rizzi Zanoni, Kauffer, Sulzer, Bauer und Kinsbergen von F. I. Maire</subfield>
    </datafield>
    <datafield tag="250" ind1=" " ind2=" ">
      <subfield code="a">3te verbesserte und vermehrte Auflage</subfield>
    </datafield>
    <datafield tag="260" ind1=" " ind2=" ">
      <subfield code="a">Wien</subfield>
      <subfield code="b">T. Mollo</subfield>
      <subfield code="c">1807</subfield>
    </datafield>
    <datafield tag="300" ind1=" " ind2=" ">
      <subfield code="a">1 Kt. auf 3 Bl.</subfield>
      <subfield code="b">Grenzen kolor.</subfield>
      <subfield code="c">Gesamtgr. 149 x 66 cm, je Teil versch. Gr.</subfield>
    </datafield>
    <datafield tag="337" ind1=" " ind2=" ">
      <subfield code="a">Karte</subfield>
    </datafield>
    <datafield tag="500" ind1=" " ind2=" ">
      <subfield code="a">[Maßstab in graph. Form (Geographische Meilen, Russische Werste)]. - Titel oben links. - Parallelt. unten links. - Nur linker (HK 0416a) und mittlerer Teil (HK 0416b) der Kt. vorh. - Relief: Einzelberge schraffiert. - Kt. stark N-S verzerrt</subfield>
    </datafield>
    <datafield tag="520" ind1="3" ind2="#">
      <subfield code="a">Dargestelltes Gebiet: Siebenbürgen, Banat, Südkarpaten, Walachei, Donau, Balkan, Bulgarien, Makedonien, Schwarzes Meer, Bosporus, Rumelien</subfield>
    </datafield>
    <datafield tag="650" ind1=" " ind2="4">
      <subfield code="a">Altkarte</subfield>
    </datafield>
    <datafield tag="651" ind1=" " ind2="4">
      <subfield code="a">Südosteuropa</subfield>
    </datafield>
    <datafield tag="651" ind1=" " ind2="4">
      <subfield code="a">Osmanisches Reich</subfield>
    </datafield>
    <datafield tag="653" ind1="1" ind2=" ">
      <subfield code="a">Krieg/Bürgerkrieg</subfield>
    </datafield>
    <datafield tag="700" ind1="2" ind2=" ">
      <subfield code="a">Rizzi-Zannoni, Giovanni Antonio</subfield>
    </datafield>
    <datafield tag="700" ind1="2" ind2=" ">
      <subfield code="a">Kauffer, Franz</subfield>
    </datafield>
    <datafield tag="700" ind1="2" ind2=" ">
      <subfield code="a">Sulzer, J.</subfield>
    </datafield>
    <datafield tag="700" ind1="2" ind2=" ">
      <subfield code="a">Bauer, Friedrich Wilhelm von</subfield>
    </datafield>
    <datafield tag="700" ind1="2" ind2=" ">
      <subfield code="a">Kinsbergen, Jan Hendrik van</subfield>
    </datafield>
    <datafield tag="700" ind1="2" ind2=" ">
      <subfield code="a">Maire, François Joseph</subfield>
    </datafield>
    <datafield tag="700" ind1="2" ind2=" ">
      <subfield code="a">Mollo, Tranquillo</subfield>
    </datafield>
    <datafield tag="841" ind1=" " ind2=" ">
      <subfield code="a">em__</subfield>
      <subfield code="b">1807</subfield>
      <subfield code="c">3</subfield>
    </datafield>
    <datafield tag="852" ind1=" " ind2=" ">
      <subfield code="a">DE-185</subfield>
      <subfield code="c">Historische Abteilung</subfield>
      <subfield code="m">HK 0416a</subfield>
      <subfield code="t">179334001</subfield>
    </datafield>
    <datafield tag="856" ind1=" " ind2=" ">
      <subfield code="a">https://ifl.wissensbank.com/fastlink.html?search=179334000</subfield>
      <subfield code="3">permalink</subfield>
    </datafield>
    <datafield tag="856" ind1=" " ind2=" ">
      <subfield code="a">https://ifl.wissensbank.com/cgi-bin/starfetch.exe?Zaf222yLsmvFPQvFQzGm017LKxTD6fWOn9L3wK8Nnjd1xYSLoUcwAbkhDY7dvmCKfXBjsnCPkvnp9WAu7.BJGTZZlfX1Rc7CdVLk9SeG2sYKhvZGqw0DODH@TxxuLuq2H.g7wTaQKu8PGLsX@gSMQA/HK416a.jpg</subfield>
      <subfield code="3">file</subfield>
    </datafield>
  </record>