
  <record>
    <leader>01250nem  22002893  4500</leader>
    <controlfield tag="001">179335000</controlfield>
    <controlfield tag="003">DE-185</controlfield>
    <controlfield tag="007">ta</controlfield>
    <controlfield tag="008">1800                             i|fre</controlfield>
    <datafield tag="041" ind1=" " ind2=" ">
      <subfield code="a">fre</subfield>
    </datafield>
    <datafield tag="084" ind1=" " ind2=" ">
      <subfield code="a">RA05.14 Schweiz</subfield>
    </datafield>
    <datafield tag="225" ind1=" " ind2=" ">
      <subfield code="c">E 6°59'00"-E 8°08'00"/N 47°50'00"-N 47°19'00"</subfield>
    </datafield>
    <datafield tag="245" ind1="1" ind2="0">
      <subfield code="a">Le Canton de Basle, et Parties des Cantons d'Argauvie et Soleure du Frikthal et Frontieres</subfield>
      <subfield code="c">Levé et dessiné par J. H. Weyss. Gravé à Arau par J. Scheurman. Aux Frais du Cit. J. R. Meyer d'Arau</subfield>
    </datafield>
    <datafield tag="260" ind1=" " ind2=" ">
      <subfield code="a">Aarau</subfield>
      <subfield code="c">1800</subfield>
    </datafield>
    <datafield tag="300" ind1=" " ind2=" ">
      <subfield code="a">1 Kt.</subfield>
      <subfield code="b">unkolor.</subfield>
      <subfield code="c">71 x 52 cm</subfield>
    </datafield>
    <datafield tag="337" ind1=" " ind2=" ">
      <subfield code="a">Karte</subfield>
    </datafield>
    <datafield tag="500" ind1=" " ind2=" ">
      <subfield code="a">Maßstab in graph. Form (Lieue de Suisse). - Titel unterhalb Kt.-Feld. - Erkl. der Zeichen unterhalb Kt.-Feld. - Aus: Atlas Suisse / Levé et Dessiné par I. H. Weiss aux fraix de I. R. Meyer à Aarau dans les Années 1786 à 1802. Gravée par Guerin, Eichler et Scheurmann ; 2. - Relief: kräftig, betonte Schraffen</subfield>
    </datafield>
    <datafield tag="520" ind1="3" ind2="#">
      <subfield code="a">Umgebung von Basel mit Siedlungen, Flüssen etc.</subfield>
    </datafield>
    <datafield tag="650" ind1=" " ind2="4">
      <subfield code="a">Altkarte</subfield>
    </datafield>
    <datafield tag="650" ind1=" " ind2="4">
      <subfield code="a">Landschaft</subfield>
    </datafield>
    <datafield tag="651" ind1=" " ind2="4">
      <subfield code="a">Schweiz</subfield>
    </datafield>
    <datafield tag="651" ind1=" " ind2="4">
      <subfield code="a">Basel-Landschaft</subfield>
    </datafield>
    <datafield tag="700" ind1="2" ind2=" ">
      <subfield code="a">Weiß, Johann Heinrich</subfield>
    </datafield>
    <datafield tag="700" ind1="2" ind2=" ">
      <subfield code="a">Meyer, Johann Rudolf</subfield>
    </datafield>
    <datafield tag="700" ind1="2" ind2=" ">
      <subfield code="a">Scheuermann, Samuel Johann Jakob</subfield>
    </datafield>
    <datafield tag="700" ind1="2" ind2=" ">
      <subfield code="a">Guérin, Christophe</subfield>
    </datafield>
    <datafield tag="700" ind1="2" ind2=" ">
      <subfield code="a">Eichler, Matthias Gottfried</subfield>
    </datafield>
    <datafield tag="841" ind1=" " ind2=" ">
      <subfield code="a">em__</subfield>
      <subfield code="b">1800</subfield>
      <subfield code="c">3</subfield>
    </datafield>
    <datafield tag="852" ind1=" " ind2=" ">
      <subfield code="a">DE-185</subfield>
      <subfield code="c">Historische Abteilung</subfield>
      <subfield code="m">HK 0417</subfield>
      <subfield code="t">179335001</subfield>
    </datafield>
    <datafield tag="856" ind1=" " ind2=" ">
      <subfield code="a">https://ifl.wissensbank.com/fastlink.html?search=179335000</subfield>
      <subfield code="3">permalink</subfield>
    </datafield>
    <datafield tag="856" ind1=" " ind2=" ">
      <subfield code="a">https://ifl.wissensbank.com/cgi-bin/starfetch.exe?.YAzZ3EWjFkZVaeveQtciBHZdd4ZoI0g37TDcB.f@wV7irn8F0fLipWoXhGTDvnMh2RhM4RtFEJ@br6Gon35LztTRM3HkCwAoy6LlqypG2iE3bok3QUgQI8AOXlN2cI23Vbki9sP4X8bUoV0YoC9kg/HK417.jpg</subfield>
      <subfield code="3">file</subfield>
    </datafield>
  </record>