
  <record>
    <leader>01250nem  22002893  4500</leader>
    <controlfield tag="001">179336000</controlfield>
    <controlfield tag="003">DE-185</controlfield>
    <controlfield tag="007">ta</controlfield>
    <controlfield tag="008">1790                             i|fre</controlfield>
    <datafield tag="041" ind1=" " ind2=" ">
      <subfield code="a">fre</subfield>
    </datafield>
    <datafield tag="084" ind1=" " ind2=" ">
      <subfield code="a">RA05.14 Schweiz</subfield>
    </datafield>
    <datafield tag="225" ind1=" " ind2=" ">
      <subfield code="c">E 5°51'00"-E 10°26'00"/N 47°49'00"-N 45°47'00"</subfield>
    </datafield>
    <datafield tag="245" ind1="1" ind2="0">
      <subfield code="a">Carte de la Suisse</subfield>
      <subfield code="b">Ou l'on a marqué les routes suivies par Mre. Wil. Coxe, Dans ses quatre Voyages en 1776, 1779, 1785 et 1786</subfield>
      <subfield code="c">Picquet Direx[i]t</subfield>
    </datafield>
    <datafield tag="260" ind1=" " ind2=" ">
      <subfield code="a">[S.l.]</subfield>
      <subfield code="c">[zwischen 1776 und 1790]</subfield>
    </datafield>
    <datafield tag="300" ind1=" " ind2=" ">
      <subfield code="a">1 Kt.</subfield>
      <subfield code="b">unkolor.</subfield>
      <subfield code="c">73 x 51 cm</subfield>
    </datafield>
    <datafield tag="337" ind1=" " ind2=" ">
      <subfield code="a">Karte</subfield>
    </datafield>
    <datafield tag="500" ind1=" " ind2=" ">
      <subfield code="a">Maßstab in graph. Form (Milles d'Angleterre, Milles communes d'Allemagne). - Titelkartusche oben links. - Maßstab unten rechts. - Erl. oben rechts. - Nullmeridian: Greenwich. - kräftiges Relief: Einzelberge, Schraffen</subfield>
    </datafield>
    <datafield tag="520" ind1="3" ind2="#">
      <subfield code="a">Karte von der Schweiz mit Reiserouten von William Coxe</subfield>
    </datafield>
    <datafield tag="650" ind1=" " ind2="4">
      <subfield code="a">Altkarte</subfield>
    </datafield>
    <datafield tag="651" ind1=" " ind2="4">
      <subfield code="a">Schweiz</subfield>
    </datafield>
    <datafield tag="700" ind1="2" ind2=" ">
      <subfield code="a">Coxe, William</subfield>
    </datafield>
    <datafield tag="700" ind1="2" ind2=" ">
      <subfield code="a">Picquet, Charles</subfield>
    </datafield>
    <datafield tag="841" ind1=" " ind2=" ">
      <subfield code="a">em__</subfield>
      <subfield code="b">1790</subfield>
      <subfield code="c">3</subfield>
    </datafield>
    <datafield tag="852" ind1=" " ind2=" ">
      <subfield code="a">DE-185</subfield>
      <subfield code="c">Historische Abteilung</subfield>
      <subfield code="m">HK 0418</subfield>
      <subfield code="t">179336001</subfield>
    </datafield>
    <datafield tag="856" ind1=" " ind2=" ">
      <subfield code="a">https://ifl.wissensbank.com/fastlink.html?search=179336000</subfield>
      <subfield code="3">permalink</subfield>
    </datafield>
    <datafield tag="856" ind1=" " ind2=" ">
      <subfield code="a">https://ifl.wissensbank.com/cgi-bin/starfetch.exe?4uo.JJ96YiXR4wDOELLm6v.uxGkLy@gYTFZztkWELWxv500BWdk1DEHEw9V9bKLwm7wsDgFtl.qytrVtCysi38FojsGvdNajZJ8COBGaBHQkF.MB4AdCUUi7OJFlyTyAr9sqjVFDZkZePbflJp3Tkw/HK418.jpg</subfield>
      <subfield code="3">file</subfield>
    </datafield>
  </record>