
  <record>
    <leader>01250nem  22002893  4500</leader>
    <controlfield tag="001">179339000</controlfield>
    <controlfield tag="003">DE-185</controlfield>
    <controlfield tag="007">ta</controlfield>
    <controlfield tag="008">1808                             i|fre</controlfield>
    <datafield tag="041" ind1=" " ind2=" ">
      <subfield code="a">fre</subfield>
    </datafield>
    <datafield tag="084" ind1=" " ind2=" ">
      <subfield code="a">RA06.01 Portugal</subfield>
    </datafield>
    <datafield tag="084" ind1=" " ind2=" ">
      <subfield code="a">RA06.02 Spanien</subfield>
    </datafield>
    <datafield tag="225" ind1=" " ind2=" ">
      <subfield code="c">W 9°44'00"-E 4°46'00"/N 43°53'00"-N 34°59'00"</subfield>
    </datafield>
    <datafield tag="245" ind1="1" ind2="0">
      <subfield code="a">Carte Des Royaumes D'Espagne et de Portugal où l'on a marqué les Routes de Poste, et les limites des diverses Provinces et Gouvernemens</subfield>
      <subfield code="b">Pour servir à l'intelligence des Opérations Militaires ; Dressée d'après les dernieres Observations Astronomiques, les nouvelles Cartes espagnoles gravées ou manuscrites, et l'Atlas de ces deux Royaumes donné en 1770</subfield>
      <subfield code="c">Par Thomas Lopez Ingénieur Géograp[hi]e de S. M. Catholiq[u]e. Gravé par E. Collin</subfield>
    </datafield>
    <datafield tag="260" ind1=" " ind2=" ">
      <subfield code="a">Paris</subfield>
      <subfield code="b">E. Collin ; Dezauche ; Delamarche ; Jean ; Picquet ; Goujon et autres Marchands</subfield>
      <subfield code="c">1808</subfield>
    </datafield>
    <datafield tag="300" ind1=" " ind2=" ">
      <subfield code="a">1 Kt.</subfield>
      <subfield code="b">Grenzen kolor.</subfield>
      <subfield code="c">101 x 81 cm</subfield>
    </datafield>
    <datafield tag="337" ind1=" " ind2=" ">
      <subfield code="a">Karte</subfield>
    </datafield>
    <datafield tag="500" ind1=" " ind2=" ">
      <subfield code="a">Maßstab in graph. Form (Lieues d'une heure de chemin, Lieues Legale de Castille). - Titel unten rechts. - Maßstab unten links. - Mit 1 Nebenkt.: Plan De Gibraltar. - Nullmeridian: Paris. - Relief: Bergketten angedeutet, Einzelberge</subfield>
    </datafield>
    <datafield tag="520" ind1="3" ind2="#">
      <subfield code="a">Verwaltungskarte von Spanien und Portugal</subfield>
    </datafield>
    <datafield tag="650" ind1=" " ind2="4">
      <subfield code="a">Altkarte</subfield>
    </datafield>
    <datafield tag="650" ind1=" " ind2="4">
      <subfield code="a">Verwaltungskarte</subfield>
    </datafield>
    <datafield tag="651" ind1=" " ind2="4">
      <subfield code="a">Spanien</subfield>
    </datafield>
    <datafield tag="651" ind1=" " ind2="4">
      <subfield code="a">Portugal</subfield>
    </datafield>
    <datafield tag="700" ind1="2" ind2=" ">
      <subfield code="a">Lopez de Vargas Machuca, Tomas</subfield>
    </datafield>
    <datafield tag="700" ind1="2" ind2=" ">
      <subfield code="a">Collin, Etienne</subfield>
    </datafield>
    <datafield tag="700" ind1="2" ind2=" ">
      <subfield code="a">Dezauche, Jean André</subfield>
    </datafield>
    <datafield tag="700" ind1="2" ind2=" ">
      <subfield code="a">Delamarche, Charles François</subfield>
    </datafield>
    <datafield tag="700" ind1="2" ind2=" ">
      <subfield code="a">Jean, ...</subfield>
    </datafield>
    <datafield tag="700" ind1="2" ind2=" ">
      <subfield code="a">Picquet, Charles</subfield>
    </datafield>
    <datafield tag="700" ind1="2" ind2=" ">
      <subfield code="a">Goujon, Jean</subfield>
    </datafield>
    <datafield tag="841" ind1=" " ind2=" ">
      <subfield code="a">em__</subfield>
      <subfield code="b">1808</subfield>
      <subfield code="c">3</subfield>
    </datafield>
    <datafield tag="852" ind1=" " ind2=" ">
      <subfield code="a">DE-185</subfield>
      <subfield code="c">Historische Abteilung</subfield>
      <subfield code="m">HK 0421</subfield>
      <subfield code="t">179339001</subfield>
    </datafield>
    <datafield tag="856" ind1=" " ind2=" ">
      <subfield code="a">https://ifl.wissensbank.com/fastlink.html?search=179339000</subfield>
      <subfield code="3">permalink</subfield>
    </datafield>
    <datafield tag="856" ind1=" " ind2=" ">
      <subfield code="a">https://ifl.wissensbank.com/cgi-bin/starfetch.exe?EmzYBkSKLhgypnixbKRwTzuUlujsJ40SmXBy8V090qFNBPYeQepFO4CRzlwmxlII0ITxw@e89nR0uYFS8X@60KqRt6ZdV9PB8d0ursSN8iGepbJhc59S0YOClIBKzI7H6v5h1gDGR2VyLgphQB4iSg/HK421.jpg</subfield>
      <subfield code="3">file</subfield>
    </datafield>
  </record>