
  <record>
    <leader>01250nem  22002893  4500</leader>
    <controlfield tag="001">179340000</controlfield>
    <controlfield tag="003">DE-185</controlfield>
    <controlfield tag="007">ta</controlfield>
    <controlfield tag="008">1781                             i|ger</controlfield>
    <datafield tag="041" ind1=" " ind2=" ">
      <subfield code="a">ger</subfield>
    </datafield>
    <datafield tag="084" ind1=" " ind2=" ">
      <subfield code="a">RL07 Arktis</subfield>
    </datafield>
    <datafield tag="225" ind1=" " ind2=" ">
      <subfield code="c">W 170°51'00"-W 167°20'00"/N 84°44'00"-S 0°00'00"</subfield>
    </datafield>
    <datafield tag="245" ind1="1" ind2="0">
      <subfield code="a">Nördliche Oberflaeche der Erde</subfield>
      <subfield code="c">Frentzel sc[ulpsit]</subfield>
    </datafield>
    <datafield tag="260" ind1=" " ind2=" ">
      <subfield code="a">[Leipzig]</subfield>
      <subfield code="c">[1781]</subfield>
    </datafield>
    <datafield tag="300" ind1=" " ind2=" ">
      <subfield code="a">1 Kt.</subfield>
      <subfield code="b">Grenzen kolor.</subfield>
      <subfield code="c">55 x 44 cm, Durchmesser 50 cm</subfield>
    </datafield>
    <datafield tag="337" ind1=" " ind2=" ">
      <subfield code="a">Karte</subfield>
    </datafield>
    <datafield tag="500" ind1=" " ind2=" ">
      <subfield code="a">Ohne Maßstab. - Titel im Kt-Bild. - Kegelprojektion. - Aus: Anweisung zum Gebrauch der Erdkugel und Erd Planisphären / Christlieb Benedikt Funk. - Polständiges Gradnetz. - Ohne Relief</subfield>
    </datafield>
    <datafield tag="520" ind1="3" ind2="#">
      <subfield code="a">Nordhalbkugel der Erde: Nordpol, Nordamerika, Nordafrika, Europa, Asien</subfield>
    </datafield>
    <datafield tag="650" ind1=" " ind2="4">
      <subfield code="a">Altkarte</subfield>
    </datafield>
    <datafield tag="651" ind1=" " ind2="4">
      <subfield code="a">Arktis</subfield>
    </datafield>
    <datafield tag="651" ind1=" " ind2="4">
      <subfield code="a">Nordhemisphäre</subfield>
    </datafield>
    <datafield tag="700" ind1="2" ind2=" ">
      <subfield code="a">Frentzel, Georg Friedrich Jonas</subfield>
    </datafield>
    <datafield tag="700" ind1="2" ind2=" ">
      <subfield code="a">Funk, Christlieb Benedict</subfield>
    </datafield>
    <datafield tag="841" ind1=" " ind2=" ">
      <subfield code="a">em__</subfield>
      <subfield code="b">1781</subfield>
      <subfield code="c">3</subfield>
    </datafield>
    <datafield tag="852" ind1=" " ind2=" ">
      <subfield code="a">DE-185</subfield>
      <subfield code="c">Historische Abteilung</subfield>
      <subfield code="m">HK 0422b</subfield>
      <subfield code="t">179340001</subfield>
    </datafield>
    <datafield tag="856" ind1=" " ind2=" ">
      <subfield code="a">https://ifl.wissensbank.com/fastlink.html?search=179340000</subfield>
      <subfield code="3">permalink</subfield>
    </datafield>
    <datafield tag="856" ind1=" " ind2=" ">
      <subfield code="a">https://ifl.wissensbank.com/cgi-bin/starfetch.exe?p7Ab7LjBWfcGUMK5mFUly4rI@k6lIPWpMPGACmJQBvBlvN@nMN1Uqsaq.W.f6r70a6@NKQhxxBRkHF1sBRJh.8eeo2fPj.R1xW@aJxsW9mINz73rUboeiBz5d1lu1pdjB5Jx6gt5n5YCNesmFUVaqQ/HK%200422b.jpg</subfield>
      <subfield code="3">file</subfield>
    </datafield>
  </record>