
  <record>
    <leader>01250nem  22002893  4500</leader>
    <controlfield tag="001">179341000</controlfield>
    <controlfield tag="003">DE-185</controlfield>
    <controlfield tag="007">ta</controlfield>
    <controlfield tag="008">1781                             i|ger</controlfield>
    <datafield tag="041" ind1=" " ind2=" ">
      <subfield code="a">ger</subfield>
    </datafield>
    <datafield tag="084" ind1=" " ind2=" ">
      <subfield code="a">RK Antarktis</subfield>
    </datafield>
    <datafield tag="225" ind1=" " ind2=" ">
      <subfield code="c">E 178°14'00"-W 178°14'00"/N 0°21'00"-S 84°42'00"</subfield>
    </datafield>
    <datafield tag="245" ind1="1" ind2="0">
      <subfield code="a">Südliche Oberflaeche der Erde</subfield>
      <subfield code="c">Frentzel sc[ulpsit]</subfield>
    </datafield>
    <datafield tag="260" ind1=" " ind2=" ">
      <subfield code="a">[Leipzig]</subfield>
      <subfield code="c">[1781]</subfield>
    </datafield>
    <datafield tag="300" ind1=" " ind2=" ">
      <subfield code="a">1 Kt.</subfield>
      <subfield code="b">Grenzen kolor.</subfield>
      <subfield code="c">55 x 44 cm, Durchmesser 50 cm</subfield>
    </datafield>
    <datafield tag="337" ind1=" " ind2=" ">
      <subfield code="a">Karte</subfield>
    </datafield>
    <datafield tag="500" ind1=" " ind2=" ">
      <subfield code="a">Ohne Maßstab. - Titel im Kt-Bild. - Kegelprojektion. - Aus: Anweisung zum Gebrauch der Erdkugel und Erd Planisphären / Christlieb Benedikt Funk. - Polständiges Gradnetz. - Ohne Relief</subfield>
    </datafield>
    <datafield tag="520" ind1="3" ind2="#">
      <subfield code="a">Südhalbkugel der Erde: Südamerika, Australien (Neuholland), Südafrika</subfield>
    </datafield>
    <datafield tag="650" ind1=" " ind2="4">
      <subfield code="a">Altkarte</subfield>
    </datafield>
    <datafield tag="651" ind1=" " ind2="4">
      <subfield code="a">Antarktis</subfield>
    </datafield>
    <datafield tag="651" ind1=" " ind2="4">
      <subfield code="a">Südhemisphäre</subfield>
    </datafield>
    <datafield tag="700" ind1="2" ind2=" ">
      <subfield code="a">Frentzel, Georg Friedrich Jonas</subfield>
    </datafield>
    <datafield tag="700" ind1="2" ind2=" ">
      <subfield code="a">Funk, Christlieb Benedict</subfield>
    </datafield>
    <datafield tag="841" ind1=" " ind2=" ">
      <subfield code="a">em__</subfield>
      <subfield code="b">1781</subfield>
      <subfield code="c">3</subfield>
    </datafield>
    <datafield tag="852" ind1=" " ind2=" ">
      <subfield code="a">DE-185</subfield>
      <subfield code="c">Historische Abteilung</subfield>
      <subfield code="m">HK 0422a</subfield>
      <subfield code="t">179341001</subfield>
    </datafield>
    <datafield tag="856" ind1=" " ind2=" ">
      <subfield code="a">https://ifl.wissensbank.com/fastlink.html?search=179341000</subfield>
      <subfield code="3">permalink</subfield>
    </datafield>
    <datafield tag="856" ind1=" " ind2=" ">
      <subfield code="a">https://ifl.wissensbank.com/cgi-bin/starfetch.exe?zIXYhozT2CnEYcQGh4Kt0xiAP7MEmEerhIlU8Q61N9ECz6LOEOppUUarjcfZHfASjY7XqTpyjpknmkgTdqxZi6oc4@44GWu2Q1PUBRJKOyedblw4r@MSjWVKHEApJBDQLs8giCGWpTzScdEfTiq64g/HK%200422a.jpg</subfield>
      <subfield code="3">file</subfield>
    </datafield>
  </record>