
  <record>
    <leader>01250nem  22002893  4500</leader>
    <controlfield tag="001">179342000</controlfield>
    <controlfield tag="003">DE-185</controlfield>
    <controlfield tag="007">ta</controlfield>
    <controlfield tag="008">1784                             i|ger</controlfield>
    <datafield tag="041" ind1=" " ind2=" ">
      <subfield code="a">ger</subfield>
    </datafield>
    <datafield tag="084" ind1=" " ind2=" ">
      <subfield code="a">RQ Weltweit</subfield>
    </datafield>
    <datafield tag="225" ind1=" " ind2=" ">
      <subfield code="c">W 179°59'00"-W 180°00'00"/N 84°55'00"-S 84°48'00"</subfield>
    </datafield>
    <datafield tag="245" ind1="1" ind2="0">
      <subfield code="a">Neue Welt-Karte</subfield>
      <subfield code="b">welche auf zwoo Kugelflaechen die Haupt-Theile der Erde, Inseln, Insel-Gruppen, Theile des Welt-Meers und deren Benennungen, den fünften Welt-theil und die neuesten Entdekkungen, nach den Karten und Reisebeschreibungen der berühmtesten Seefahrer und Gelehrten unsres Zeit-alters, der Herren Cook, Forster, Pallas, u. a. m. nebst einer kurzen Erklaerung enthaelt ; Mit Kayserlichem Allergnäd. Privilegio</subfield>
    </datafield>
    <datafield tag="260" ind1=" " ind2=" ">
      <subfield code="a">Nürnberg</subfield>
      <subfield code="b">Homannsche Erben</subfield>
      <subfield code="c">1784</subfield>
    </datafield>
    <datafield tag="300" ind1=" " ind2=" ">
      <subfield code="a">1 Kt.</subfield>
      <subfield code="b">kolor.</subfield>
      <subfield code="c">57 x 47 cm</subfield>
    </datafield>
    <datafield tag="337" ind1=" " ind2=" ">
      <subfield code="a">Karte</subfield>
    </datafield>
    <datafield tag="500" ind1=" " ind2=" ">
      <subfield code="a">Titel oben Mitte. - Nullmeridian: Ferro. - Weltkt. in 2 Hemisphären. - Mit 2 Tab. u. Erl. - Relief: angedeutet</subfield>
    </datafield>
    <datafield tag="520" ind1="3" ind2="#">
      <subfield code="a">Weltkarte</subfield>
    </datafield>
    <datafield tag="650" ind1=" " ind2="4">
      <subfield code="a">Altkarte</subfield>
    </datafield>
    <datafield tag="650" ind1=" " ind2="4">
      <subfield code="a">Weltkarte</subfield>
    </datafield>
    <datafield tag="653" ind1="1" ind2=" ">
      <subfield code="a">Entdeckungen</subfield>
    </datafield>
    <datafield tag="841" ind1=" " ind2=" ">
      <subfield code="a">em__</subfield>
      <subfield code="b">1784</subfield>
      <subfield code="c">3</subfield>
    </datafield>
    <datafield tag="852" ind1=" " ind2=" ">
      <subfield code="a">DE-185</subfield>
      <subfield code="c">Historische Abteilung</subfield>
      <subfield code="m">HK 0423</subfield>
      <subfield code="t">179342001</subfield>
    </datafield>
    <datafield tag="856" ind1=" " ind2=" ">
      <subfield code="a">https://ifl.wissensbank.com/fastlink.html?search=179342000</subfield>
      <subfield code="3">permalink</subfield>
    </datafield>
    <datafield tag="856" ind1=" " ind2=" ">
      <subfield code="a">https://ifl.wissensbank.com/cgi-bin/starfetch.exe?XIs4JdtZObU.FW192EdP.YBFAWfZPeiLX6hLBcSHf.yTEjuqAjUx4MfhLOsZSzXhdM6e59PCBGW6DqPamBZ@YO94f1InaaiNgcDGvjMyaDtP57yK0a8utFTp3aBAqtWBjVe9xs@XYwLdztX@XWLVdQ/HK423.jpg</subfield>
      <subfield code="3">file</subfield>
    </datafield>
  </record>