
  <record>
    <leader>01250nem  22002893  4500</leader>
    <controlfield tag="001">179344000</controlfield>
    <controlfield tag="003">DE-185</controlfield>
    <controlfield tag="007">ta</controlfield>
    <controlfield tag="008">1723                             i|ger</controlfield>
    <datafield tag="041" ind1=" " ind2=" ">
      <subfield code="a">ger</subfield>
    </datafield>
    <datafield tag="084" ind1=" " ind2=" ">
      <subfield code="a">RA05.01 Deutschland</subfield>
    </datafield>
    <datafield tag="225" ind1=" " ind2=" ">
      <subfield code="c">E 7°24'00"-E 10°49'00"/N 49°19'00"-N 47°10'00"</subfield>
    </datafield>
    <datafield tag="245" ind1="1" ind2="0">
      <subfield code="a">Teutzchlandes Schwaebischer Creiss samt dazugehörigen Provintzen</subfield>
    </datafield>
    <datafield tag="260" ind1=" " ind2=" ">
      <subfield code="a">[Nürnberg]</subfield>
      <subfield code="b">[Johann Christoph Weigel]</subfield>
      <subfield code="c">[1723]</subfield>
    </datafield>
    <datafield tag="300" ind1=" " ind2=" ">
      <subfield code="a">1 Kt.</subfield>
      <subfield code="b">kolor.</subfield>
      <subfield code="c">20 x 16 cm</subfield>
    </datafield>
    <datafield tag="337" ind1=" " ind2=" ">
      <subfield code="a">Karte</subfield>
    </datafield>
    <datafield tag="500" ind1=" " ind2=" ">
      <subfield code="a">Maßstab in graph. Form (Gemeine Teut. Meilen). - Titelkartusche oben links. - Erkl. der Zeichen unten links. - Maßstab unten Mitte. - Aus: Continuirter Atlas Portatilis Germanicus Oder Compendieuse Vorstellung Teutschlandes ; 7 / Gregorii, Johann G. - Relief: angedeutet</subfield>
    </datafield>
    <datafield tag="520" ind1="3" ind2="#">
      <subfield code="a">Schwaben zwischen Oberrhein und Lech, Donau und Main</subfield>
    </datafield>
    <datafield tag="650" ind1=" " ind2="4">
      <subfield code="a">Altkarte</subfield>
    </datafield>
    <datafield tag="650" ind1=" " ind2="4">
      <subfield code="a">Verwaltungskarte</subfield>
    </datafield>
    <datafield tag="650" ind1=" " ind2="4">
      <subfield code="a">Land</subfield>
    </datafield>
    <datafield tag="651" ind1=" " ind2="4">
      <subfield code="a">Deutschland</subfield>
    </datafield>
    <datafield tag="651" ind1=" " ind2="4">
      <subfield code="a">Schwaben</subfield>
    </datafield>
    <datafield tag="651" ind1=" " ind2="4">
      <subfield code="a">Baden-Württemberg</subfield>
    </datafield>
    <datafield tag="700" ind1="2" ind2=" ">
      <subfield code="a">Weigel, Johann Christoph</subfield>
    </datafield>
    <datafield tag="700" ind1="2" ind2=" ">
      <subfield code="a">Gregorii, Johann Gottfried</subfield>
      <subfield code="1">124607187</subfield>
    </datafield>
    <datafield tag="841" ind1=" " ind2=" ">
      <subfield code="a">em__</subfield>
      <subfield code="b">1723</subfield>
      <subfield code="c">3</subfield>
    </datafield>
    <datafield tag="852" ind1=" " ind2=" ">
      <subfield code="a">DE-185</subfield>
      <subfield code="c">Historische Abteilung</subfield>
      <subfield code="m">HK 0425</subfield>
      <subfield code="t">179344001</subfield>
    </datafield>
    <datafield tag="856" ind1=" " ind2=" ">
      <subfield code="a">https://ifl.wissensbank.com/fastlink.html?search=179344000</subfield>
      <subfield code="3">permalink</subfield>
    </datafield>
    <datafield tag="856" ind1=" " ind2=" ">
      <subfield code="a">https://ifl.wissensbank.com/cgi-bin/starfetch.exe?E09BDf.RN2Whw7ecui1H4gFqJC8IUNNvwI17KXQV0JC03k04tP6Z.@ElXfTrftkRkFpCAKG8uA4J1CEMR.pr6cnA7RwieSd7nXgbYwM@FwzUVUPa6zhcHHfTQZ9sfoKNVRPo8xZKAc7803yFeId8Gw/HK%200425.jpg</subfield>
      <subfield code="3">file</subfield>
    </datafield>
  </record>