
  <record>
    <leader>01250nem  22002893  4500</leader>
    <controlfield tag="001">179346000</controlfield>
    <controlfield tag="003">DE-185</controlfield>
    <controlfield tag="007">ta</controlfield>
    <controlfield tag="008">1723                             i|ger</controlfield>
    <datafield tag="041" ind1=" " ind2=" ">
      <subfield code="a">ger</subfield>
    </datafield>
    <datafield tag="084" ind1=" " ind2=" ">
      <subfield code="a">RA05.01 Deutschland</subfield>
    </datafield>
    <datafield tag="225" ind1=" " ind2=" ">
      <subfield code="c">E 13°15'00"-E 15°20'00"/N 52°21'00"-N 50°53'00"</subfield>
    </datafield>
    <datafield tag="245" ind1="1" ind2="0">
      <subfield code="a">Das Marckgraffthum Ober- und Nieder-Lausitz mit seinen abgetheilten Creissen inliegenden Herrschafften Clöstern u. Aemtern</subfield>
    </datafield>
    <datafield tag="260" ind1=" " ind2=" ">
      <subfield code="a">[Nürnberg]</subfield>
      <subfield code="b">[Johann Christoph Weigel]</subfield>
      <subfield code="c">[1723]</subfield>
    </datafield>
    <datafield tag="300" ind1=" " ind2=" ">
      <subfield code="a">1 Kt.</subfield>
      <subfield code="b">kolor.</subfield>
      <subfield code="c">16 x 19 cm</subfield>
    </datafield>
    <datafield tag="337" ind1=" " ind2=" ">
      <subfield code="a">Karte</subfield>
    </datafield>
    <datafield tag="500" ind1=" " ind2=" ">
      <subfield code="a">Maßstab in graph. Form (Gemeine Teutsche Meilen). - Titelkartusche oben rechts. - Maßstab oben links. - Erkl. der Zeichen unten links. - Aus: Continuirter Atlas Portatilis Germanicus Oder Compendieuse Vorstellung Teutschlandes ; 33 / Gregorii, Johann G. - Relief: angedeutet</subfield>
    </datafield>
    <datafield tag="520" ind1="3" ind2="#">
      <subfield code="a">Verwaltungskarte von der Lausitz</subfield>
    </datafield>
    <datafield tag="650" ind1=" " ind2="4">
      <subfield code="a">Altkarte</subfield>
    </datafield>
    <datafield tag="650" ind1=" " ind2="4">
      <subfield code="a">Verwaltungskarte</subfield>
    </datafield>
    <datafield tag="651" ind1=" " ind2="4">
      <subfield code="a">Deutschland</subfield>
    </datafield>
    <datafield tag="651" ind1=" " ind2="4">
      <subfield code="a">Lausitz</subfield>
    </datafield>
    <datafield tag="700" ind1="2" ind2=" ">
      <subfield code="a">Weigel, Johann Christoph</subfield>
    </datafield>
    <datafield tag="700" ind1="2" ind2=" ">
      <subfield code="a">Gregorii, Johann Gottfried</subfield>
      <subfield code="1">124607187</subfield>
    </datafield>
    <datafield tag="841" ind1=" " ind2=" ">
      <subfield code="a">em__</subfield>
      <subfield code="b">1723</subfield>
      <subfield code="c">3</subfield>
    </datafield>
    <datafield tag="852" ind1=" " ind2=" ">
      <subfield code="a">DE-185</subfield>
      <subfield code="c">Historische Abteilung</subfield>
      <subfield code="m">HK 0427</subfield>
      <subfield code="t">179346001</subfield>
    </datafield>
    <datafield tag="856" ind1=" " ind2=" ">
      <subfield code="a">https://ifl.wissensbank.com/fastlink.html?search=179346000</subfield>
      <subfield code="3">permalink</subfield>
    </datafield>
    <datafield tag="856" ind1=" " ind2=" ">
      <subfield code="a">https://ifl.wissensbank.com/cgi-bin/starfetch.exe?kK4m0k9mw6aOWT3@7bmZg54KoBZZTO5Bt0tw5k7RZZJ9U59N2kW@URgtPt7BlW@cr8ONDklblZaGYTeBKQbiDhQvHiSZClHxwfnZxNvReN8FHpyFzjy@hLqzIZpvx6ZUQ8aR1l4bEU9XK7P0nrE33A/HK%200427.jpg</subfield>
      <subfield code="3">file</subfield>
    </datafield>
  </record>