
  <record>
    <leader>01250nem  22002893  4500</leader>
    <controlfield tag="001">179349000</controlfield>
    <controlfield tag="003">DE-185</controlfield>
    <controlfield tag="007">ta</controlfield>
    <controlfield tag="008">1754                             i|ger</controlfield>
    <datafield tag="041" ind1=" " ind2=" ">
      <subfield code="a">ger</subfield>
    </datafield>
    <datafield tag="084" ind1=" " ind2=" ">
      <subfield code="a">RA05.21 Tschechische Republik</subfield>
    </datafield>
    <datafield tag="225" ind1=" " ind2=" ">
      <subfield code="c">E 12°03'00"-E 17°06'00"/N 51°11'00"-N 48°27'00"</subfield>
    </datafield>
    <datafield tag="245" ind1="1" ind2="0">
      <subfield code="a">Königreich Boehmen mit seinen Creißen und Bezircken aus der Müllerischen Charte extrahirt und zu bequemen Registern eingerichtet</subfield>
      <subfield code="c">Sebast. Dorn sc[ulpsit]</subfield>
    </datafield>
    <datafield tag="260" ind1=" " ind2=" ">
      <subfield code="a">[Leipzig]</subfield>
      <subfield code="b">[Siegmund Ehrenfried Richter]</subfield>
      <subfield code="c">[1754]</subfield>
    </datafield>
    <datafield tag="300" ind1=" " ind2=" ">
      <subfield code="a">1 Kt.</subfield>
      <subfield code="b">kolor.</subfield>
      <subfield code="c">19 x 16 cm</subfield>
    </datafield>
    <datafield tag="337" ind1=" " ind2=" ">
      <subfield code="a">Karte</subfield>
    </datafield>
    <datafield tag="500" ind1=" " ind2=" ">
      <subfield code="a">Maßstab in graph. Form (teutsche Meilen). - Titelkartusche oben links. - Erl. oben rechts. - Maßstab unten rechts. - Aus: Neue Europäische Staats- und Reisegeographie ; 1 / Karl Gottlob Dietmann. - Ohne Relief</subfield>
    </datafield>
    <datafield tag="520" ind1="3" ind2="#">
      <subfield code="a">Verwaltungskarte von Böhmen mit Kreisen und Bezirken</subfield>
    </datafield>
    <datafield tag="650" ind1=" " ind2="4">
      <subfield code="a">Altkarte</subfield>
    </datafield>
    <datafield tag="650" ind1=" " ind2="4">
      <subfield code="a">Verwaltungskarte</subfield>
    </datafield>
    <datafield tag="651" ind1=" " ind2="4">
      <subfield code="a">Tschechien</subfield>
    </datafield>
    <datafield tag="651" ind1=" " ind2="4">
      <subfield code="a">Böhmen (Čechy)</subfield>
    </datafield>
    <datafield tag="700" ind1="2" ind2=" ">
      <subfield code="a">Dorn, Sebastian</subfield>
    </datafield>
    <datafield tag="700" ind1="2" ind2=" ">
      <subfield code="a">Dietmann, Carl Gottlob</subfield>
    </datafield>
    <datafield tag="700" ind1="2" ind2=" ">
      <subfield code="a">Müller, Johann Christoph</subfield>
    </datafield>
    <datafield tag="700" ind1="2" ind2=" ">
      <subfield code="a">Richter, Siegmund Ehrenfried</subfield>
    </datafield>
    <datafield tag="841" ind1=" " ind2=" ">
      <subfield code="a">em__</subfield>
      <subfield code="b">1754</subfield>
      <subfield code="c">3</subfield>
    </datafield>
    <datafield tag="852" ind1=" " ind2=" ">
      <subfield code="a">DE-185</subfield>
      <subfield code="c">Historische Abteilung</subfield>
      <subfield code="m">HK 0430</subfield>
      <subfield code="t">179349001</subfield>
    </datafield>
    <datafield tag="856" ind1=" " ind2=" ">
      <subfield code="a">https://ifl.wissensbank.com/fastlink.html?search=179349000</subfield>
      <subfield code="3">permalink</subfield>
    </datafield>
    <datafield tag="856" ind1=" " ind2=" ">
      <subfield code="a">https://ifl.wissensbank.com/cgi-bin/starfetch.exe?QbC0w5308o9.6C19K211JqGbCARZq3ORjjikkJZiY22iTgq4JGnUJ2DqIz64opwBDJcFU6xah2qUVNSCQcA1qu71PBDE2t6Y5xa6Vu5RkBNAQD@83fZuStVcWU19IuK94I28vioBQ3mGo1YrFa0H5g/HK%200430.jpg</subfield>
      <subfield code="3">file</subfield>
    </datafield>
  </record>