
  <record>
    <leader>01250nem  22002893  4500</leader>
    <controlfield tag="001">179363000</controlfield>
    <controlfield tag="003">DE-185</controlfield>
    <controlfield tag="007">ta</controlfield>
    <controlfield tag="008">1760                             i|eng</controlfield>
    <datafield tag="041" ind1=" " ind2=" ">
      <subfield code="a">eng</subfield>
    </datafield>
    <datafield tag="084" ind1=" " ind2=" ">
      <subfield code="a">RA04.02 Vereinigtes Königreich</subfield>
    </datafield>
    <datafield tag="225" ind1=" " ind2=" ">
      <subfield code="c">W 3°21'00"-W 1°53'00"/N 54°26'00"-N 53°18'00"</subfield>
    </datafield>
    <datafield tag="245" ind1="1" ind2="0">
      <subfield code="a">Lancashire</subfield>
      <subfield code="b">Drawn from the best Authorities and Regulated by Astronom[ica]l Observat[io]ns</subfield>
      <subfield code="c">By E. Bowen, Geogr[apher] to His Majesty</subfield>
    </datafield>
    <datafield tag="260" ind1=" " ind2=" ">
      <subfield code="a">[London]</subfield>
      <subfield code="b">[Kings Arms St. Pauls Church Yard]</subfield>
      <subfield code="c">[ca. 1760]</subfield>
    </datafield>
    <datafield tag="300" ind1=" " ind2=" ">
      <subfield code="a">1 Kt.</subfield>
      <subfield code="b">unkolor.</subfield>
      <subfield code="c">18 x 20 cm</subfield>
    </datafield>
    <datafield tag="337" ind1=" " ind2=" ">
      <subfield code="a">Karte</subfield>
    </datafield>
    <datafield tag="500" ind1=" " ind2=" ">
      <subfield code="a">Maßstab in graph. Form (English Miles). - Titelkartusche und Erl. zu Funktionszeichen oben rechts. - Maßstab und Wappen von Lancaster rechts Mitte. - Aus: Universal Magazine. London. - Ohne Relief</subfield>
    </datafield>
    <datafield tag="520" ind1="3" ind2="#">
      <subfield code="a">Verwaltungskarte von Lancashire mit Flüssen, Straßen, Bergen</subfield>
    </datafield>
    <datafield tag="650" ind1=" " ind2="4">
      <subfield code="a">Altkarte</subfield>
    </datafield>
    <datafield tag="650" ind1=" " ind2="4">
      <subfield code="a">Verwaltungskarte</subfield>
    </datafield>
    <datafield tag="651" ind1=" " ind2="4">
      <subfield code="a">Großbritannien</subfield>
    </datafield>
    <datafield tag="651" ind1=" " ind2="4">
      <subfield code="a">Lancashire</subfield>
    </datafield>
    <datafield tag="700" ind1="2" ind2=" ">
      <subfield code="a">Bowen, Emanuel</subfield>
    </datafield>
    <datafield tag="841" ind1=" " ind2=" ">
      <subfield code="a">em__</subfield>
      <subfield code="b">1760</subfield>
      <subfield code="c">3</subfield>
    </datafield>
    <datafield tag="852" ind1=" " ind2=" ">
      <subfield code="a">DE-185</subfield>
      <subfield code="c">Historische Abteilung</subfield>
      <subfield code="m">HK 0441</subfield>
      <subfield code="t">179363001</subfield>
    </datafield>
    <datafield tag="856" ind1=" " ind2=" ">
      <subfield code="a">https://ifl.wissensbank.com/fastlink.html?search=179363000</subfield>
      <subfield code="3">permalink</subfield>
    </datafield>
    <datafield tag="856" ind1=" " ind2=" ">
      <subfield code="a">https://ifl.wissensbank.com/cgi-bin/starfetch.exe?60SA.ZTFl1LRkON9s8.rQrf@vMMx25jlz1YKMQlxpyhBcTNTUKq0kS3GYvMfgf1SSLqDTElHKzT6GL6w2yn6zCk437ZvSz9R7rhLR5lC7WTpbXDmfdf4RXNsRUDJ.WTP3UD@xIVE6huWrOmC0vKbZg/HK%200441.jpg</subfield>
      <subfield code="3">file</subfield>
    </datafield>
  </record>