
  <record>
    <leader>01250nem  22002893  4500</leader>
    <controlfield tag="001">179373000</controlfield>
    <controlfield tag="003">DE-185</controlfield>
    <controlfield tag="007">ta</controlfield>
    <controlfield tag="008">1819                             i|ger</controlfield>
    <datafield tag="041" ind1=" " ind2=" ">
      <subfield code="a">ger</subfield>
    </datafield>
    <datafield tag="084" ind1=" " ind2=" ">
      <subfield code="a">RA05.21 Tschechische Republik</subfield>
    </datafield>
    <datafield tag="225" ind1=" " ind2=" ">
      <subfield code="c">E 13°49'05"-E 13°50'24"/N 50°38'38"-N 50°37'57"</subfield>
    </datafield>
    <datafield tag="245" ind1="1" ind2="0">
      <subfield code="a">Grundriss der Stadt Töplitz [und des Dorfes Schönau in Böhmen]</subfield>
      <subfield code="b">[Mit Bemerkung der Hausnummern]</subfield>
      <subfield code="c">[Aufgenommen u. gez. durch W. v. Witzleben. Gestochen v. C. Keyl]</subfield>
    </datafield>
    <datafield tag="260" ind1=" " ind2=" ">
      <subfield code="a">[Dresden]</subfield>
      <subfield code="b">[H. Rittner]</subfield>
      <subfield code="c">[1819]</subfield>
    </datafield>
    <datafield tag="300" ind1=" " ind2=" ">
      <subfield code="a">1 Kt.</subfield>
      <subfield code="b">unkolor.</subfield>
      <subfield code="c">37 x 37 cm</subfield>
    </datafield>
    <datafield tag="337" ind1=" " ind2=" ">
      <subfield code="a">Karte</subfield>
    </datafield>
    <datafield tag="500" ind1=" " ind2=" ">
      <subfield code="a">[Maßstab in graph. Form (Mannsschritte)]. - Titel unten rechts. - 2. Teil des Titels fehlt. - Gebäude nummeriert. - Bezeichnung der Straßen - Erläuterungen fehlen. - Relief: starke Schraffen</subfield>
    </datafield>
    <datafield tag="520" ind1="3" ind2="#">
      <subfield code="a">Stadtplan von Teplice (Teplitz) mit Seen, Parks, Wegen etc.</subfield>
    </datafield>
    <datafield tag="650" ind1=" " ind2="4">
      <subfield code="a">Altkarte</subfield>
    </datafield>
    <datafield tag="650" ind1=" " ind2="4">
      <subfield code="a">Stadtplan</subfield>
    </datafield>
    <datafield tag="651" ind1=" " ind2="4">
      <subfield code="a">Tschechien</subfield>
    </datafield>
    <datafield tag="651" ind1=" " ind2="4">
      <subfield code="a">Teplice</subfield>
    </datafield>
    <datafield tag="700" ind1="2" ind2=" ">
      <subfield code="a">Keyl, Christian Karl Maximilian</subfield>
    </datafield>
    <datafield tag="700" ind1="2" ind2=" ">
      <subfield code="a">Witzleben, W. von</subfield>
    </datafield>
    <datafield tag="700" ind1="2" ind2=" ">
      <subfield code="a">Rittner, Heinrich</subfield>
    </datafield>
    <datafield tag="841" ind1=" " ind2=" ">
      <subfield code="a">em__</subfield>
      <subfield code="b">1819</subfield>
      <subfield code="c">3</subfield>
    </datafield>
    <datafield tag="852" ind1=" " ind2=" ">
      <subfield code="a">DE-185</subfield>
      <subfield code="c">Historische Abteilung</subfield>
      <subfield code="m">HK 0457</subfield>
      <subfield code="t">179373001</subfield>
    </datafield>
    <datafield tag="856" ind1=" " ind2=" ">
      <subfield code="a">https://ifl.wissensbank.com/fastlink.html?search=179373000</subfield>
      <subfield code="3">permalink</subfield>
    </datafield>
    <datafield tag="856" ind1=" " ind2=" ">
      <subfield code="a">https://ifl.wissensbank.com/cgi-bin/starfetch.exe?Ta3mxB96duWA4Fc2fE14@6l7ZK1n6fQW0Dz35iLb@0JpxPUkH29MSLZjy1XX@LyDtvTS6c0j6JNFinl23iYqHadVii@iHG9oyl5QVeeBj5ChG4MTCW5vrH9ZE2e6vl1KoOrKTGu8vZkyNqq6EjfUQg/HK%200457.jpg</subfield>
      <subfield code="3">file</subfield>
    </datafield>
  </record>