
  <record>
    <leader>01250nem  22002893  4500</leader>
    <controlfield tag="001">179375000</controlfield>
    <controlfield tag="003">DE-185</controlfield>
    <controlfield tag="007">ta</controlfield>
    <controlfield tag="008">1837                             i|ger</controlfield>
    <datafield tag="041" ind1=" " ind2=" ">
      <subfield code="a">ger</subfield>
    </datafield>
    <datafield tag="084" ind1=" " ind2=" ">
      <subfield code="a">RA05.01 Deutschland</subfield>
    </datafield>
    <datafield tag="225" ind1=" " ind2=" ">
      <subfield code="c">E 7°08'10"-E 7°08'59"/N 53°42'49"-N 53°42'08"</subfield>
    </datafield>
    <datafield tag="245" ind1="1" ind2="0">
      <subfield code="a">Situationsplan von dem Seebade-Orte Norderney</subfield>
      <subfield code="c">F. W. Bartling del[ineat]</subfield>
    </datafield>
    <datafield tag="260" ind1=" " ind2=" ">
      <subfield code="a">Hannov.</subfield>
      <subfield code="b">Giere'sche Hof-Steindruckerei</subfield>
      <subfield code="c">1837</subfield>
    </datafield>
    <datafield tag="300" ind1=" " ind2=" ">
      <subfield code="a">1 Kt.</subfield>
      <subfield code="b">unkolor.</subfield>
      <subfield code="c">57 x 49 cm</subfield>
    </datafield>
    <datafield tag="337" ind1=" " ind2=" ">
      <subfield code="a">Karte</subfield>
    </datafield>
    <datafield tag="500" ind1=" " ind2=" ">
      <subfield code="a">NO oben. - Maßstab in graph. Form (Ruthen Calenb,. Fuß Calenb.). - Ohne Kt.-Netz. - Mit 1 Nebenkt.: Charte von einem Theile der Küste von Ostfriesland. - Mit Grundrissen u. Gebäudeaufrissen als Kt.-Rahmen. - Mit Gebäudekennzeichnung. - Strandaufteilung Damen und Herren. - Relief: Schraffen</subfield>
    </datafield>
    <datafield tag="520" ind1="3" ind2="#">
      <subfield code="a">Lageplan der Gebäude auf Norderney</subfield>
    </datafield>
    <datafield tag="650" ind1=" " ind2="4">
      <subfield code="a">Altkarte</subfield>
    </datafield>
    <datafield tag="651" ind1=" " ind2="4">
      <subfield code="a">Deutschland</subfield>
    </datafield>
    <datafield tag="651" ind1=" " ind2="4">
      <subfield code="a">Norderney</subfield>
    </datafield>
    <datafield tag="700" ind1="2" ind2=" ">
      <subfield code="a">Bartling, F. W.</subfield>
    </datafield>
    <datafield tag="841" ind1=" " ind2=" ">
      <subfield code="a">em__</subfield>
      <subfield code="b">1837</subfield>
      <subfield code="c">3</subfield>
    </datafield>
    <datafield tag="852" ind1=" " ind2=" ">
      <subfield code="a">DE-185</subfield>
      <subfield code="c">Historische Abteilung</subfield>
      <subfield code="m">HK 0459</subfield>
      <subfield code="t">179375001</subfield>
    </datafield>
    <datafield tag="856" ind1=" " ind2=" ">
      <subfield code="a">https://ifl.wissensbank.com/fastlink.html?search=179375000</subfield>
      <subfield code="3">permalink</subfield>
    </datafield>
    <datafield tag="856" ind1=" " ind2=" ">
      <subfield code="a">https://ifl.wissensbank.com/cgi-bin/starfetch.exe?ofVt6RKzi5yh471KD.HUwNwRtmgnct9v60qmejwHYXlRthjGeo75p4c6iEoZyIsLAIE6RvDhl8w4ybWC6n4sQpOVlIPJZxOn0ifnhVssOM.toNts9KsHlUy4hEnpwgvr4KKN4wmgovJwv15uGML67Q/HK459.jpg</subfield>
      <subfield code="3">file</subfield>
    </datafield>
  </record>