
  <record>
    <leader>01250nem  22002893  4500</leader>
    <controlfield tag="001">179376000</controlfield>
    <controlfield tag="003">DE-185</controlfield>
    <controlfield tag="007">ta</controlfield>
    <controlfield tag="008">1815                             i|fre</controlfield>
    <datafield tag="041" ind1=" " ind2=" ">
      <subfield code="a">fre</subfield>
    </datafield>
    <datafield tag="084" ind1=" " ind2=" ">
      <subfield code="a">RA04.06 Frankreich</subfield>
    </datafield>
    <datafield tag="225" ind1=" " ind2=" ">
      <subfield code="c">E 2°04'12"-E 2°33'31"/N 49°00'15"-N 48°41'58"</subfield>
    </datafield>
    <datafield tag="245" ind1="1" ind2="0">
      <subfield code="a">Département De La Seine</subfield>
      <subfield code="b">Décrété le 13. et 19. Janvier 1790 Par L'Assemblée Nationale ; Divisé en 3 Arrondissemens et 20 Justices de Paix</subfield>
      <subfield code="c">Gravé par d'Houdan</subfield>
    </datafield>
    <datafield tag="260" ind1=" " ind2=" ">
      <subfield code="a">Paris</subfield>
      <subfield code="b">P. G. Chanlaire</subfield>
      <subfield code="c">[ca. 1815]</subfield>
    </datafield>
    <datafield tag="300" ind1=" " ind2=" ">
      <subfield code="a">1 Kt.</subfield>
      <subfield code="b">Grenzen kolor.</subfield>
      <subfield code="c">68 x 50 cm</subfield>
    </datafield>
    <datafield tag="337" ind1=" " ind2=" ">
      <subfield code="a">Karte</subfield>
    </datafield>
    <datafield tag="500" ind1=" " ind2=" ">
      <subfield code="a">Maßstab in graph. Form (Toises). - Titel links neben Kt.-Bild. - Maßstab unten links. - Randleisten: Verwaltungseinteilung der Stadt. - Nullmeridian: Ferro, Paris. - Aus: Atlas National De La France : En Departemens / Par P. G. Chanlaire ; 84. - Relief: angedeutet</subfield>
    </datafield>
    <datafield tag="520" ind1="3" ind2="#">
      <subfield code="a">Paris und Umgebung mit Straßen, Flüssen, Wäldern etc.</subfield>
    </datafield>
    <datafield tag="650" ind1=" " ind2="4">
      <subfield code="a">Altkarte</subfield>
    </datafield>
    <datafield tag="650" ind1=" " ind2="4">
      <subfield code="a">Verwaltungskarte</subfield>
    </datafield>
    <datafield tag="651" ind1=" " ind2="4">
      <subfield code="a">Frankreich</subfield>
    </datafield>
    <datafield tag="651" ind1=" " ind2="4">
      <subfield code="a">Paris</subfield>
    </datafield>
    <datafield tag="651" ind1=" " ind2="4">
      <subfield code="a">Seine (Departement francais)</subfield>
    </datafield>
    <datafield tag="700" ind1="2" ind2=" ">
      <subfield code="a">Houdan, François d’</subfield>
    </datafield>
    <datafield tag="700" ind1="2" ind2=" ">
      <subfield code="a">Chanlaire, Pierre-Grégoire</subfield>
    </datafield>
    <datafield tag="841" ind1=" " ind2=" ">
      <subfield code="a">em__</subfield>
      <subfield code="b">1815</subfield>
      <subfield code="c">3</subfield>
    </datafield>
    <datafield tag="852" ind1=" " ind2=" ">
      <subfield code="a">DE-185</subfield>
      <subfield code="c">Historische Abteilung</subfield>
      <subfield code="m">HK 0460</subfield>
      <subfield code="t">179376001</subfield>
    </datafield>
    <datafield tag="856" ind1=" " ind2=" ">
      <subfield code="a">https://ifl.wissensbank.com/fastlink.html?search=179376000</subfield>
      <subfield code="3">permalink</subfield>
    </datafield>
    <datafield tag="856" ind1=" " ind2=" ">
      <subfield code="a">https://ifl.wissensbank.com/cgi-bin/starfetch.exe?XrrLze5mAJXuVDSNH87.ONmKcpdjFYQPGzAghQxvVUV7epxbo4wjHruZ0Hcy72..EcwoVNqT@FXcilUU.HgITqVWc8VdLqd.gPneYZBspTBzzufzDsV3vOrPpOo5vR.ysbjR4p0y8lduWbzhN.MIww/HK460.jpg</subfield>
      <subfield code="3">file</subfield>
    </datafield>
  </record>