
  <record>
    <leader>01250nem  22002893  4500</leader>
    <controlfield tag="001">179377000</controlfield>
    <controlfield tag="003">DE-185</controlfield>
    <controlfield tag="007">ta</controlfield>
    <controlfield tag="008">1779                             i|pol</controlfield>
    <datafield tag="041" ind1=" " ind2=" ">
      <subfield code="a">pol</subfield>
    </datafield>
    <datafield tag="084" ind1=" " ind2=" ">
      <subfield code="a">RA05.11 Polen</subfield>
    </datafield>
    <datafield tag="225" ind1=" " ind2=" ">
      <subfield code="c">E 20°58'32"-E 21°06'30"/N 52°16'12"-N 52°12'17"</subfield>
    </datafield>
    <datafield tag="245" ind1="1" ind2="0">
      <subfield code="a">Planta Miasta Warszawy Z Przed-Miesciami</subfield>
      <subfield code="b">Avec Privilege</subfield>
      <subfield code="c">Major Hennequin del[ineat] Varsaviae. M. Keyl sculp[sit] Dresdae</subfield>
    </datafield>
    <datafield tag="260" ind1=" " ind2=" ">
      <subfield code="a">Varsovie</subfield>
      <subfield code="b">Michel Groell</subfield>
      <subfield code="c">1779</subfield>
    </datafield>
    <datafield tag="300" ind1=" " ind2=" ">
      <subfield code="a">1 Kt.</subfield>
      <subfield code="b">unkolor.</subfield>
      <subfield code="c">31 x 31 cm</subfield>
    </datafield>
    <datafield tag="337" ind1=" " ind2=" ">
      <subfield code="a">Karte</subfield>
    </datafield>
    <datafield tag="500" ind1=" " ind2=" ">
      <subfield code="a">Maßstab in graph. Form (Łokci, aunes). - Titel und Maßstab oben links in Kt.-Bild. - Nebent.: Plan Ichnographique de la Ville de Varsovie, Residence des Rois d e Pologne. - Mit Erl. auf d. Kt.-Rand. - Bezeichnung markanter Gebäude. - Relief angedeutet</subfield>
    </datafield>
    <datafield tag="520" ind1="3" ind2="#">
      <subfield code="a">Stadtplan von Warschau</subfield>
    </datafield>
    <datafield tag="650" ind1=" " ind2="4">
      <subfield code="a">Altkarte</subfield>
    </datafield>
    <datafield tag="650" ind1=" " ind2="4">
      <subfield code="a">Stadtplan</subfield>
    </datafield>
    <datafield tag="651" ind1=" " ind2="4">
      <subfield code="a">Polen</subfield>
    </datafield>
    <datafield tag="651" ind1=" " ind2="4">
      <subfield code="a">Warszawa (Warschau)</subfield>
    </datafield>
    <datafield tag="653" ind1="1" ind2=" ">
      <subfield code="a">Burg/Festung</subfield>
    </datafield>
    <datafield tag="700" ind1="2" ind2=" ">
      <subfield code="a">Hennequin, ...</subfield>
    </datafield>
    <datafield tag="700" ind1="2" ind2=" ">
      <subfield code="a">Keyl, Michael</subfield>
    </datafield>
    <datafield tag="700" ind1="2" ind2=" ">
      <subfield code="a">Gröll, Michael_</subfield>
    </datafield>
    <datafield tag="841" ind1=" " ind2=" ">
      <subfield code="a">em__</subfield>
      <subfield code="b">1779</subfield>
      <subfield code="c">3</subfield>
    </datafield>
    <datafield tag="852" ind1=" " ind2=" ">
      <subfield code="a">DE-185</subfield>
      <subfield code="c">Historische Abteilung</subfield>
      <subfield code="m">HK 0462</subfield>
      <subfield code="t">179377001</subfield>
    </datafield>
    <datafield tag="856" ind1=" " ind2=" ">
      <subfield code="a">https://ifl.wissensbank.com/fastlink.html?search=179377000</subfield>
      <subfield code="3">permalink</subfield>
    </datafield>
    <datafield tag="856" ind1=" " ind2=" ">
      <subfield code="a">https://ifl.wissensbank.com/cgi-bin/starfetch.exe?SZ8U6@GtGQPysTAIN@X.qbiBiHyxeRmmcMBBWUlOp7fXgCGe66c.D.J5@HHuSeakRCrhyHifNu@9OlmubImfI6Bfhyjs7UOOvIo8nDxTV8sljtT9Q.C2aJRqpWHLVebAEfyjIUkY@RBXYdeuVOYOVw/HK%200462.jpg</subfield>
      <subfield code="3">file</subfield>
    </datafield>
  </record>