
  <record>
    <leader>01250nem  22002893  4500</leader>
    <controlfield tag="001">179380000</controlfield>
    <controlfield tag="003">DE-185</controlfield>
    <controlfield tag="007">ta</controlfield>
    <controlfield tag="008">1806                             i|ger</controlfield>
    <datafield tag="041" ind1=" " ind2=" ">
      <subfield code="a">ger</subfield>
    </datafield>
    <datafield tag="084" ind1=" " ind2=" ">
      <subfield code="a">RA05.01 Deutschland</subfield>
    </datafield>
    <datafield tag="225" ind1=" " ind2=" ">
      <subfield code="c">E 11°14'00"-E 12°09'00"/N 51°11'00"-N 50°38'00"</subfield>
    </datafield>
    <datafield tag="245" ind1="1" ind2="0">
      <subfield code="a">Plan Der Schlacht beÿ Iena und Hassenhausen</subfield>
      <subfield code="b">am 14ten October 1806 zwischen dem Französischen und dem Preussischen und Sächsischen vereinigten Heere</subfield>
    </datafield>
    <datafield tag="260" ind1=" " ind2=" ">
      <subfield code="a">[S.l.]</subfield>
      <subfield code="c">[nach 1806]</subfield>
    </datafield>
    <datafield tag="300" ind1=" " ind2=" ">
      <subfield code="a">1 Kt.</subfield>
      <subfield code="b">teilw. kolor.</subfield>
      <subfield code="c">35 x 36 cm</subfield>
    </datafield>
    <datafield tag="337" ind1=" " ind2=" ">
      <subfield code="a">Karte</subfield>
    </datafield>
    <datafield tag="500" ind1=" " ind2=" ">
      <subfield code="a">Maßstab in graph. Form (teutsche Meile). - Titel und Maßstab unten rechts. - Stellungen der Truppen und Marschrouten kolor. - Erkl. der Farben in Kt.-Bild. - NNE oben. - Relief: Bergschraffen</subfield>
    </datafield>
    <datafield tag="520" ind1="3" ind2="#">
      <subfield code="a">Schlachtplan mit Siedlungen, Straßen, Flüssen etc.</subfield>
    </datafield>
    <datafield tag="650" ind1=" " ind2="4">
      <subfield code="a">Altkarte</subfield>
    </datafield>
    <datafield tag="650" ind1=" " ind2="4">
      <subfield code="a">Militärkartographie</subfield>
    </datafield>
    <datafield tag="651" ind1=" " ind2="4">
      <subfield code="a">Deutschland</subfield>
    </datafield>
    <datafield tag="651" ind1=" " ind2="4">
      <subfield code="a">Thüringen</subfield>
    </datafield>
    <datafield tag="651" ind1=" " ind2="4">
      <subfield code="a">Jena (reg.)</subfield>
    </datafield>
    <datafield tag="651" ind1=" " ind2="4">
      <subfield code="a">Bad Kösen (reg.)</subfield>
    </datafield>
    <datafield tag="841" ind1=" " ind2=" ">
      <subfield code="a">em__</subfield>
      <subfield code="b">1806</subfield>
      <subfield code="c">3</subfield>
    </datafield>
    <datafield tag="852" ind1=" " ind2=" ">
      <subfield code="a">DE-185</subfield>
      <subfield code="c">Historische Abteilung</subfield>
      <subfield code="m">HK 0461c</subfield>
      <subfield code="t">179380001</subfield>
    </datafield>
    <datafield tag="856" ind1=" " ind2=" ">
      <subfield code="a">https://ifl.wissensbank.com/fastlink.html?search=179380000</subfield>
      <subfield code="3">permalink</subfield>
    </datafield>
    <datafield tag="856" ind1=" " ind2=" ">
      <subfield code="a">https://ifl.wissensbank.com/cgi-bin/starfetch.exe?eYDhNuxSQLeJ5kEjSW5YFJoD.3GgL8YhhBOJvF9pC@Krqwyhtq9J8EQM8R8dzK0TF2weQzkgg9FIO6f97DOjmZ.j9JlkGdgboRsdriF5@4TBWTyHTmaWXpVjF2l2sFTcvaxJAW4OmsYZR6z5UVoLEg/HK%200461c.jpg</subfield>
      <subfield code="3">file</subfield>
    </datafield>
  </record>