
  <record>
    <leader>01250nem  22002893  4500</leader>
    <controlfield tag="001">179382000</controlfield>
    <controlfield tag="003">DE-185</controlfield>
    <controlfield tag="007">ta</controlfield>
    <controlfield tag="008">1820                             i|ger</controlfield>
    <datafield tag="041" ind1=" " ind2=" ">
      <subfield code="a">ger</subfield>
      <subfield code="a">fre</subfield>
    </datafield>
    <datafield tag="084" ind1=" " ind2=" ">
      <subfield code="a">RA05.01 Deutschland</subfield>
    </datafield>
    <datafield tag="245" ind1="1" ind2="0">
      <subfield code="a">Bataille De Jena Ou D'Auerstedt du 14 Octobre 1806</subfield>
      <subfield code="c">Fr. Müller gest. Leipz.</subfield>
    </datafield>
    <datafield tag="260" ind1=" " ind2=" ">
      <subfield code="a">Leipzig</subfield>
      <subfield code="b">Geogr. Verlag und Commissions-Comptoir</subfield>
      <subfield code="c">[zwischen 1820 u. 1850]</subfield>
    </datafield>
    <datafield tag="300" ind1=" " ind2=" ">
      <subfield code="a">1 Kt. + Erl.</subfield>
      <subfield code="b">teilw. kolor.</subfield>
      <subfield code="c">30 x 38 cm</subfield>
    </datafield>
    <datafield tag="337" ind1=" " ind2=" ">
      <subfield code="a">Karte</subfield>
    </datafield>
    <datafield tag="500" ind1=" " ind2=" ">
      <subfield code="a">Maßstab in graph. Form (Fuss). - Titel, Parallelt. und Maßstab links Mitte. - Truppenaufstellung und Marschrouten kolor. - Mit 3 Nebenkt.: Märsche u. Positionen. Retraite. Ende der Bataille. - Unten rechts: Pr. 8g. - Mit 1 Erl.: Die Schlacht von Jena oder Auerstaedt geliefert den 14. Oktober 1806 (HK 461a). - Relief: Schraffen</subfield>
    </datafield>
    <datafield tag="520" ind1="3" ind2="#">
      <subfield code="a">Schlachtplan mit Siedlungen, Straßen, Flüssen etc.</subfield>
    </datafield>
    <datafield tag="650" ind1=" " ind2="4">
      <subfield code="a">Altkarte</subfield>
    </datafield>
    <datafield tag="650" ind1=" " ind2="4">
      <subfield code="a">Militärkartographie</subfield>
    </datafield>
    <datafield tag="651" ind1=" " ind2="4">
      <subfield code="a">Deutschland</subfield>
    </datafield>
    <datafield tag="651" ind1=" " ind2="4">
      <subfield code="a">Jena</subfield>
    </datafield>
    <datafield tag="651" ind1=" " ind2="4">
      <subfield code="a">Auerstedt</subfield>
    </datafield>
    <datafield tag="700" ind1="2" ind2=" ">
      <subfield code="a">Müller, Fr.</subfield>
    </datafield>
    <datafield tag="841" ind1=" " ind2=" ">
      <subfield code="a">em__</subfield>
      <subfield code="b">1820</subfield>
      <subfield code="c">3</subfield>
    </datafield>
    <datafield tag="852" ind1=" " ind2=" ">
      <subfield code="a">DE-185</subfield>
      <subfield code="c">Historische Abteilung</subfield>
      <subfield code="m">HK 0461d</subfield>
      <subfield code="t">179382001</subfield>
    </datafield>
    <datafield tag="856" ind1=" " ind2=" ">
      <subfield code="a">https://ifl.wissensbank.com/fastlink.html?search=179382000</subfield>
      <subfield code="3">permalink</subfield>
    </datafield>
    <datafield tag="856" ind1=" " ind2=" ">
      <subfield code="a">https://ifl.wissensbank.com/cgi-bin/starfetch.exe?szw.013dAnfmb8sbeC8LiksP.BE3Kv4LoIaAc2nnfz3CN0exrjrwzUbIjLEhYQ@LHsM4jGCLeVfPXon@FLRYxVTQKsFLTpIWOR7DFWlKmcmcKP1wz5kf69PWkuwOJcoRHheMNqkk38GguG3kPEJj6w/HK461a.jpg</subfield>
      <subfield code="3">file</subfield>
    </datafield>
  </record>