
  <record>
    <leader>01250nem  22002893  4500</leader>
    <controlfield tag="001">179384000</controlfield>
    <controlfield tag="003">DE-185</controlfield>
    <controlfield tag="007">ta</controlfield>
    <controlfield tag="008">1800                             i|fre</controlfield>
    <datafield tag="041" ind1=" " ind2=" ">
      <subfield code="a">fre</subfield>
    </datafield>
    <datafield tag="084" ind1=" " ind2=" ">
      <subfield code="a">RA06.06 Türkei</subfield>
    </datafield>
    <datafield tag="225" ind1=" " ind2=" ">
      <subfield code="c">E 25°59'24"-E 27°20'41"/N 40°34'46"-N 39°58'30"</subfield>
    </datafield>
    <datafield tag="245" ind1="1" ind2="0">
      <subfield code="a">Helespont ou Detroit Des Dardanelles</subfield>
      <subfield code="b">pour servir de renseignement à la Carte des Limites des trois Empires</subfield>
    </datafield>
    <datafield tag="260" ind1=" " ind2=" ">
      <subfield code="a">Vienne</subfield>
      <subfield code="b">T. Mollo</subfield>
      <subfield code="c">[um 1800]</subfield>
    </datafield>
    <datafield tag="300" ind1=" " ind2=" ">
      <subfield code="a">1 Kt.</subfield>
      <subfield code="b">kolor.</subfield>
      <subfield code="c">63 x 29 cm</subfield>
    </datafield>
    <datafield tag="337" ind1=" " ind2=" ">
      <subfield code="a">Karte</subfield>
    </datafield>
    <datafield tag="500" ind1=" " ind2=" ">
      <subfield code="a">Maßstab in graph. Form (Toises, lieues France). - Titel und Maßstab rechts unten. - NW oben. - Windrose falsch. - Mit 4 Fortifikationsplänen: Plan du Nouveau Chateau d'Asie construit en 1658. Plan du Nouveau Chateau d'Europe construit en 1658. Plan du Vieux Chateau des Dardanelles en Asie. Plan du Vieux Chateau d'Europe ou Dardanelle. - Relief: betonte Schraffen</subfield>
    </datafield>
    <datafield tag="520" ind1="3" ind2="#">
      <subfield code="a">Karte der Dardanellen</subfield>
    </datafield>
    <datafield tag="650" ind1=" " ind2="4">
      <subfield code="a">Altkarte</subfield>
    </datafield>
    <datafield tag="651" ind1=" " ind2="4">
      <subfield code="a">Türkei</subfield>
    </datafield>
    <datafield tag="651" ind1=" " ind2="4">
      <subfield code="a">Dardanellen</subfield>
    </datafield>
    <datafield tag="653" ind1="1" ind2=" ">
      <subfield code="a">Burg/Festung</subfield>
    </datafield>
    <datafield tag="653" ind1="1" ind2=" ">
      <subfield code="a">Meerenge</subfield>
    </datafield>
    <datafield tag="700" ind1="2" ind2=" ">
      <subfield code="a">Mollo, Tranquillo</subfield>
    </datafield>
    <datafield tag="841" ind1=" " ind2=" ">
      <subfield code="a">em__</subfield>
      <subfield code="b">1800</subfield>
      <subfield code="c">3</subfield>
    </datafield>
    <datafield tag="852" ind1=" " ind2=" ">
      <subfield code="a">DE-185</subfield>
      <subfield code="c">Historische Abteilung</subfield>
      <subfield code="m">HK 0465</subfield>
      <subfield code="t">179384001</subfield>
    </datafield>
    <datafield tag="856" ind1=" " ind2=" ">
      <subfield code="a">https://ifl.wissensbank.com/fastlink.html?search=179384000</subfield>
      <subfield code="3">permalink</subfield>
    </datafield>
    <datafield tag="856" ind1=" " ind2=" ">
      <subfield code="a">https://ifl.wissensbank.com/cgi-bin/starfetch.exe?LTz1G2yeTd94cCk4KVzmYzIc1W@@on0ROyf46vWfS64Xmt8NCVmOCg4bzYO8oR..Is0aGVjzF.d1DTeWHHw8zlSkOnjNUamBJ1TEPkVJwVrKQ1ddinac8qwbdKHGvVeOOgUehnJGPvv3A4iWOaknvA/HK465.jpg</subfield>
      <subfield code="3">file</subfield>
    </datafield>
  </record>