
  <record>
    <leader>01250nem  22002893  4500</leader>
    <controlfield tag="001">179389000</controlfield>
    <controlfield tag="003">DE-185</controlfield>
    <controlfield tag="007">ta</controlfield>
    <controlfield tag="008">1832                             i|fre</controlfield>
    <datafield tag="041" ind1=" " ind2=" ">
      <subfield code="a">fre</subfield>
      <subfield code="a">ger</subfield>
    </datafield>
    <datafield tag="084" ind1=" " ind2=" ">
      <subfield code="a">RA04.04 Belgien</subfield>
    </datafield>
    <datafield tag="225" ind1=" " ind2=" ">
      <subfield code="c">E 4°23'16"-E 4°26'19"/N 51°14'37"-N 51°12'30"</subfield>
    </datafield>
    <datafield tag="245" ind1="1" ind2="0">
      <subfield code="a">Plan der Stadt Antwerpen (Antorf, Anvers) nebst Citadelle</subfield>
      <subfield code="b">nach den neuesten und besten Materialien bearbeitet</subfield>
      <subfield code="c">Metallographirt im Königlich-lithographischen Institut zu Berlin, und mit statistischen Notizen versehen vom Freiherrn von Zedlitz</subfield>
    </datafield>
    <datafield tag="260" ind1=" " ind2=" ">
      <subfield code="a">Berlin</subfield>
      <subfield code="b">Königlich-lithographisches Institut</subfield>
      <subfield code="c">[ca. 1832]</subfield>
    </datafield>
    <datafield tag="300" ind1=" " ind2=" ">
      <subfield code="a">1 Kt.</subfield>
      <subfield code="b">unkolor.</subfield>
      <subfield code="c">55 x 34 cm</subfield>
    </datafield>
    <datafield tag="337" ind1=" " ind2=" ">
      <subfield code="a">Karte</subfield>
    </datafield>
    <datafield tag="500" ind1=" " ind2=" ">
      <subfield code="a">Maßstab in graph. Form (Mêtres). - Titel oberhalb Kt.-Feld. - Maßstab unten Mitte. - Erkl. rechts unten. - Inselkt. - Mit dt. Erl. unterhalb d. Kt.-Feldes. - Forts und Befestigungen. - Straßenbenennungen in franz.</subfield>
    </datafield>
    <datafield tag="520" ind1="3" ind2="#">
      <subfield code="a">Stadtplan von Antwerpen</subfield>
    </datafield>
    <datafield tag="650" ind1=" " ind2="4">
      <subfield code="a">Altkarte</subfield>
    </datafield>
    <datafield tag="650" ind1=" " ind2="4">
      <subfield code="a">Stadtplan</subfield>
    </datafield>
    <datafield tag="651" ind1=" " ind2="4">
      <subfield code="a">Belgien</subfield>
    </datafield>
    <datafield tag="651" ind1=" " ind2="4">
      <subfield code="a">Antwerpen</subfield>
    </datafield>
    <datafield tag="700" ind1="2" ind2=" ">
      <subfield code="a">Zedlitz-Neukirch, Leopold von</subfield>
    </datafield>
    <datafield tag="841" ind1=" " ind2=" ">
      <subfield code="a">em__</subfield>
      <subfield code="b">1832</subfield>
      <subfield code="c">3</subfield>
    </datafield>
    <datafield tag="852" ind1=" " ind2=" ">
      <subfield code="a">DE-185</subfield>
      <subfield code="c">Historische Abteilung</subfield>
      <subfield code="m">HK 0470</subfield>
      <subfield code="t">179389001</subfield>
    </datafield>
    <datafield tag="856" ind1=" " ind2=" ">
      <subfield code="a">https://ifl.wissensbank.com/fastlink.html?search=179389000</subfield>
      <subfield code="3">permalink</subfield>
    </datafield>
    <datafield tag="856" ind1=" " ind2=" ">
      <subfield code="a">https://ifl.wissensbank.com/cgi-bin/starfetch.exe?lD4MKgsO6clgvjRRZOp0ZCU7.FsxQEyXbbeFUrIlN6DGA0eQRWwRI7TmWqA2i44KMknR3nW@LwvcXTwXLNxV32xEVWrdc8o556jeM4U17I2xrx5UnexJLrLJHPbSaSnDe2Z7UATVf4OF1wqurjBUKQ/HK470.jpg</subfield>
      <subfield code="3">file</subfield>
    </datafield>
  </record>