
  <record>
    <leader>01250nem  22002893  4500</leader>
    <controlfield tag="001">179391000</controlfield>
    <controlfield tag="003">DE-185</controlfield>
    <controlfield tag="007">ta</controlfield>
    <controlfield tag="008">1880                             i|</controlfield>
    <datafield tag="084" ind1=" " ind2=" ">
      <subfield code="a">RA06.05 Griechenland</subfield>
    </datafield>
    <datafield tag="245" ind1="1" ind2="0">
      <subfield code="a">Athenae</subfield>
      <subfield code="b">in usum scholarum edidit</subfield>
      <subfield code="c">Herm. Rheinhard, Gymn. Stuttg. Prof. Lapidi inscripsit Fried. Bohnert</subfield>
    </datafield>
    <datafield tag="260" ind1=" " ind2=" ">
      <subfield code="a">Stuttgart</subfield>
      <subfield code="b">Carl Hoffmann</subfield>
      <subfield code="c">[um 1880]</subfield>
    </datafield>
    <datafield tag="300" ind1=" " ind2=" ">
      <subfield code="a">1 Kt.</subfield>
      <subfield code="b">kolor.</subfield>
      <subfield code="c">144 x 115 cm, gefaltet 29 x 37 cm</subfield>
    </datafield>
    <datafield tag="337" ind1=" " ind2=" ">
      <subfield code="a">Karte</subfield>
    </datafield>
    <datafield tag="500" ind1=" " ind2=" ">
      <subfield code="a">Maßstab in graph. Form (Mètres, Stadia Olympica). - Titel oben Mitte. - Maßstab unten Mitte. - Mit 1 Nebenkt.: Portus Athenarum. - Lat. Beschriftung. - Nummerierung der Bauten. - Erkl. unten links. - Auf Leinen aufgezogen, gefaltet. - Relief: Bergschraffen</subfield>
    </datafield>
    <datafield tag="520" ind1="3" ind2="#">
      <subfield code="a">Karte von Athen und Umgebung mit Gebäuden, Flüssen etc.</subfield>
    </datafield>
    <datafield tag="650" ind1=" " ind2="4">
      <subfield code="a">Altkarte</subfield>
    </datafield>
    <datafield tag="650" ind1=" " ind2="4">
      <subfield code="a">Stadtplan</subfield>
    </datafield>
    <datafield tag="650" ind1=" " ind2="4">
      <subfield code="a">Schulkartographie</subfield>
    </datafield>
    <datafield tag="651" ind1=" " ind2="4">
      <subfield code="a">Griechenland</subfield>
    </datafield>
    <datafield tag="651" ind1=" " ind2="4">
      <subfield code="a">Athinai (Athen)</subfield>
    </datafield>
    <datafield tag="653" ind1="1" ind2=" ">
      <subfield code="a">Antike</subfield>
    </datafield>
    <datafield tag="700" ind1="2" ind2=" ">
      <subfield code="a">Rheinhard, Hermann</subfield>
    </datafield>
    <datafield tag="700" ind1="2" ind2=" ">
      <subfield code="a">Bohnert, Friedrich</subfield>
    </datafield>
    <datafield tag="700" ind1="2" ind2=" ">
      <subfield code="a">Hoffmann, Karl Friedrich Vollrath</subfield>
    </datafield>
    <datafield tag="841" ind1=" " ind2=" ">
      <subfield code="a">em__</subfield>
      <subfield code="b">1880</subfield>
      <subfield code="c">3</subfield>
    </datafield>
    <datafield tag="852" ind1=" " ind2=" ">
      <subfield code="a">DE-185</subfield>
      <subfield code="c">Historische Abteilung</subfield>
      <subfield code="m">HK 0472</subfield>
      <subfield code="t">179391001</subfield>
    </datafield>
    <datafield tag="856" ind1=" " ind2=" ">
      <subfield code="a">https://ifl.wissensbank.com/fastlink.html?search=179391000</subfield>
      <subfield code="3">permalink</subfield>
    </datafield>
    <datafield tag="856" ind1=" " ind2=" ">
      <subfield code="a">https://ifl.wissensbank.com/cgi-bin/starfetch.exe?KsTZOvPDRy1vOaDlPQNrrBJ.tF@KiGtdPSl3zwiP250ENM7SXo1zPh1G2BWPQgvwBU7zMga2tHPlc4lx4XJyu49LsnQ5KyWcKfgcLXX6CRqgt3pQtPhy4UeE.83d5JqrWoWFkyIe2MJqOxJYFw4nHQ/HK472%2e1.jpg</subfield>
      <subfield code="3">file</subfield>
    </datafield>
  </record>