
  <record>
    <leader>01250nem  22002893  4500</leader>
    <controlfield tag="001">179394000</controlfield>
    <controlfield tag="003">DE-185</controlfield>
    <controlfield tag="007">ta</controlfield>
    <controlfield tag="008">1851                             i|eng</controlfield>
    <datafield tag="041" ind1=" " ind2=" ">
      <subfield code="a">eng</subfield>
    </datafield>
    <datafield tag="084" ind1=" " ind2=" ">
      <subfield code="a">RA04.02 Vereinigtes Königreich</subfield>
    </datafield>
    <datafield tag="225" ind1=" " ind2=" ">
      <subfield code="c">W 1°49'00"-W 0°34'00"/N 60°51'00"-N 59°49'00"</subfield>
    </datafield>
    <datafield tag="245" ind1="1" ind2="0">
      <subfield code="a">Map Of Shetland</subfield>
      <subfield code="b">From The Survey By Lieut. Thomas R. N. ; Shewing the Roads constructed by the Edinburgh Section of the Central Board for Relief of Highland Destitution In co-operation with the Proprietors During the Years 1849, 1850 &amp; 1851</subfield>
      <subfield code="c">Under the Superintendance of Captain Craigie R. N. Inspector Gen[era]l &amp; Captain Webb R. Engineers</subfield>
    </datafield>
    <datafield tag="260" ind1=" " ind2=" ">
      <subfield code="a">Edinr.</subfield>
      <subfield code="b">W. &amp; A. K. Johnston</subfield>
      <subfield code="c">[nach 1851]</subfield>
    </datafield>
    <datafield tag="300" ind1=" " ind2=" ">
      <subfield code="a">1 Kt.</subfield>
      <subfield code="b">teilw. kolor.</subfield>
      <subfield code="c">48 x 77 cm</subfield>
    </datafield>
    <datafield tag="337" ind1=" " ind2=" ">
      <subfield code="a">Karte</subfield>
    </datafield>
    <datafield tag="500" ind1=" " ind2=" ">
      <subfield code="a">Ohne Maßstab. - Titel oben links. - Straßen farbig. - Erkl. der Farben unten links. - Relief: Schraffen</subfield>
    </datafield>
    <datafield tag="520" ind1="3" ind2="#">
      <subfield code="a">Karte der Shetlandinseln mit Straßen, die zur Erschließung des Hochlands errichtet wurden</subfield>
    </datafield>
    <datafield tag="650" ind1=" " ind2="4">
      <subfield code="a">Altkarte</subfield>
    </datafield>
    <datafield tag="651" ind1=" " ind2="4">
      <subfield code="a">Großbritannien</subfield>
    </datafield>
    <datafield tag="651" ind1=" " ind2="4">
      <subfield code="a">Shetland-Inseln</subfield>
    </datafield>
    <datafield tag="700" ind1="2" ind2=" ">
      <subfield code="a">Webb, ...</subfield>
    </datafield>
    <datafield tag="700" ind1="2" ind2=" ">
      <subfield code="a">Thomas, George</subfield>
    </datafield>
    <datafield tag="700" ind1="2" ind2=" ">
      <subfield code="a">Craigie, Robert</subfield>
    </datafield>
    <datafield tag="700" ind1="2" ind2=" ">
      <subfield code="a">Johnston, Alexander Keith</subfield>
    </datafield>
    <datafield tag="700" ind1="2" ind2=" ">
      <subfield code="a">Johnston, William</subfield>
    </datafield>
    <datafield tag="841" ind1=" " ind2=" ">
      <subfield code="a">em__</subfield>
      <subfield code="b">1851</subfield>
      <subfield code="c">3</subfield>
    </datafield>
    <datafield tag="852" ind1=" " ind2=" ">
      <subfield code="a">DE-185</subfield>
      <subfield code="c">Historische Abteilung</subfield>
      <subfield code="m">HK 0475</subfield>
      <subfield code="t">179394001</subfield>
    </datafield>
    <datafield tag="856" ind1=" " ind2=" ">
      <subfield code="a">https://ifl.wissensbank.com/fastlink.html?search=179394000</subfield>
      <subfield code="3">permalink</subfield>
    </datafield>
    <datafield tag="856" ind1=" " ind2=" ">
      <subfield code="a">https://ifl.wissensbank.com/cgi-bin/starfetch.exe?aOMb8EImc8uD2AzAPr2LP552JLbCmK54RyKGxcBoq.X6LXCwoUzt64pVQhSVn8@bHSsF90Cs7UJxkkATRQVUtyzTp7vLEPV@d8jTYmwM007WSSCjlXbsjRYbcc0kSjA2uaDh@psKf1clGc9kHcHsOQ/HK475.jpg</subfield>
      <subfield code="3">file</subfield>
    </datafield>
  </record>