
  <record>
    <leader>01250nem  22002893  4500</leader>
    <controlfield tag="001">179395000</controlfield>
    <controlfield tag="003">DE-185</controlfield>
    <controlfield tag="007">ta</controlfield>
    <controlfield tag="008">1780                             i|</controlfield>
    <datafield tag="084" ind1=" " ind2=" ">
      <subfield code="a">RA05.01 Deutschland</subfield>
    </datafield>
    <datafield tag="225" ind1=" " ind2=" ">
      <subfield code="c">E 10°58'00"-E 15°27'00"/N 52°24'00"-N 50°03'00"</subfield>
    </datafield>
    <datafield tag="245" ind1="1" ind2="0">
      <subfield code="a">Tabula Geographica Marchionat. Misniae et Lusatiae</subfield>
      <subfield code="b">Cum Privilegio</subfield>
      <subfield code="c">jussu Academ. Reg. Scient. et Elegant. Litter. Boruss. correctior reddita à I. C. R. Sauerbrey sculpsit</subfield>
    </datafield>
    <datafield tag="260" ind1=" " ind2=" ">
      <subfield code="a">[Berlin]</subfield>
      <subfield code="b">[Johann Michael Kunst]</subfield>
      <subfield code="c">[ca. 1780]</subfield>
    </datafield>
    <datafield tag="300" ind1=" " ind2=" ">
      <subfield code="a">1 Kt.</subfield>
      <subfield code="b">kolor.</subfield>
      <subfield code="c">37 x 34 cm</subfield>
    </datafield>
    <datafield tag="337" ind1=" " ind2=" ">
      <subfield code="a">Karte</subfield>
    </datafield>
    <datafield tag="500" ind1=" " ind2=" ">
      <subfield code="a">Maßstab in graph. Form (Gemeine Deütsche Meile). - Titel oberhalb Kt.-Bild. - Maßstab unten rechts. - Stempel unten rechts: Cum Privilegio. - Vermutl. aus: Geographischer Atlas : bestehend in 44 Land-Charten worauf alle Theile des Erd-Creyses vorgestellet werden / Auf Befehl der Koenigl. Academie der Wissenschaften nach den bisher herausgekommenen besten Charten beschrieben und insbesondere zum Gebrauch der Jugend in den Schulen herausgegeben ; 26. - Relief: schwach, Einzelberge</subfield>
    </datafield>
    <datafield tag="520" ind1="3" ind2="#">
      <subfield code="a">Verwaltungskarte von den Markgrafschaften Meißen und Lausitz</subfield>
    </datafield>
    <datafield tag="650" ind1=" " ind2="4">
      <subfield code="a">Altkarte</subfield>
    </datafield>
    <datafield tag="650" ind1=" " ind2="4">
      <subfield code="a">Politische Karte</subfield>
    </datafield>
    <datafield tag="651" ind1=" " ind2="4">
      <subfield code="a">Deutschland</subfield>
    </datafield>
    <datafield tag="651" ind1=" " ind2="4">
      <subfield code="a">Sachsen</subfield>
    </datafield>
    <datafield tag="651" ind1=" " ind2="4">
      <subfield code="a">Lausitz</subfield>
    </datafield>
    <datafield tag="651" ind1=" " ind2="4">
      <subfield code="a">Meißen (Mgft.)</subfield>
    </datafield>
    <datafield tag="700" ind1="2" ind2=" ">
      <subfield code="a">Sauerbrey, Nicolaus Friedrich</subfield>
    </datafield>
    <datafield tag="700" ind1="2" ind2=" ">
      <subfield code="a">Kunst, Johann Michael</subfield>
    </datafield>
    <datafield tag="841" ind1=" " ind2=" ">
      <subfield code="a">em__</subfield>
      <subfield code="b">1780</subfield>
      <subfield code="c">3</subfield>
    </datafield>
    <datafield tag="852" ind1=" " ind2=" ">
      <subfield code="a">DE-185</subfield>
      <subfield code="c">Historische Abteilung</subfield>
      <subfield code="m">HK 0477a</subfield>
      <subfield code="t">179395001</subfield>
    </datafield>
    <datafield tag="856" ind1=" " ind2=" ">
      <subfield code="a">https://ifl.wissensbank.com/fastlink.html?search=179395000</subfield>
      <subfield code="3">permalink</subfield>
    </datafield>
    <datafield tag="856" ind1=" " ind2=" ">
      <subfield code="a">https://ifl.wissensbank.com/cgi-bin/starfetch.exe?BUtVHSCGjLpr@f8pJ52ZQPMjZ7EJ0blAwD95GChfWR2G1nq2PqQVDjcQKo4gHEhrjG1sfdF7sMpADLHj@kMC8.A6gtjJhxhffBlPtwUjeiBlyhmGljqpDzbVi3Fe3v519HU9FhiHP5gCL3mvuwVVBjyIjYraOxl1/HK%200477a.jpg</subfield>
      <subfield code="3">file</subfield>
    </datafield>
  </record>