
  <record>
    <leader>01250nem  22002893  4500</leader>
    <controlfield tag="001">179396000</controlfield>
    <controlfield tag="003">DE-185</controlfield>
    <controlfield tag="007">ta</controlfield>
    <controlfield tag="008">1783                             i|ger</controlfield>
    <datafield tag="041" ind1=" " ind2=" ">
      <subfield code="a">ger</subfield>
    </datafield>
    <datafield tag="084" ind1=" " ind2=" ">
      <subfield code="a">RA05.01 Deutschland</subfield>
    </datafield>
    <datafield tag="225" ind1=" " ind2=" ">
      <subfield code="c">E 9°52'00"-E 15°23'00"/N 52°36'00"-N 49°59'00"</subfield>
    </datafield>
    <datafield tag="245" ind1="1" ind2="0">
      <subfield code="a">Der südliche Theil des Ober-Saechsischen Kreises</subfield>
      <subfield code="b">die Chur- und Fürstl. Sächsische und andere hiehergehörige Länder vorstellend ; Mit Kayserl. allergnädigster Freyheit</subfield>
      <subfield code="c">aufs neue entworfen von F. L. Güssefeld und herausgegeben von den Homaennischen Erben</subfield>
    </datafield>
    <datafield tag="260" ind1=" " ind2=" ">
      <subfield code="a">Nürnberg</subfield>
      <subfield code="b">Homaennischen Erben [Homannsche Erben]</subfield>
      <subfield code="c">1783</subfield>
    </datafield>
    <datafield tag="300" ind1=" " ind2=" ">
      <subfield code="a">1 Kt.</subfield>
      <subfield code="b">kolor.</subfield>
      <subfield code="c">58 x 45 cm</subfield>
    </datafield>
    <datafield tag="337" ind1=" " ind2=" ">
      <subfield code="a">Karte</subfield>
    </datafield>
    <datafield tag="500" ind1=" " ind2=" ">
      <subfield code="a">Maßstab in graph. Form (Geographi. Meilen, Grosse Deut. M.). - Titelkartusche und Maßstab unten rechts. - Legende (Siedlungen) oben rechts. - Nullmeridian: Paris. - Parallelt. oberhalb Kt.-Bild. - Relief angedeutet: Schraffen, Einzelberge</subfield>
    </datafield>
    <datafield tag="520" ind1="3" ind2="#">
      <subfield code="a">Verwaltungskarte des Obersächsichen Kreises in den Grenzen von 1783</subfield>
    </datafield>
    <datafield tag="650" ind1=" " ind2="4">
      <subfield code="a">Altkarte</subfield>
    </datafield>
    <datafield tag="650" ind1=" " ind2="4">
      <subfield code="a">Verwaltungskarte</subfield>
    </datafield>
    <datafield tag="651" ind1=" " ind2="4">
      <subfield code="a">Deutschland</subfield>
    </datafield>
    <datafield tag="651" ind1=" " ind2="4">
      <subfield code="a">Sachsen</subfield>
    </datafield>
    <datafield tag="700" ind1="2" ind2=" ">
      <subfield code="a">Güssefeld, Franz Ludwig</subfield>
    </datafield>
    <datafield tag="700" ind1="2" ind2=" ">
      <subfield code="a">Homann, ...</subfield>
    </datafield>
    <datafield tag="841" ind1=" " ind2=" ">
      <subfield code="a">em__</subfield>
      <subfield code="b">1783</subfield>
      <subfield code="c">3</subfield>
    </datafield>
    <datafield tag="852" ind1=" " ind2=" ">
      <subfield code="a">DE-185</subfield>
      <subfield code="c">Historische Abteilung</subfield>
      <subfield code="m">HK 0478</subfield>
      <subfield code="t">179396001</subfield>
    </datafield>
    <datafield tag="856" ind1=" " ind2=" ">
      <subfield code="a">https://ifl.wissensbank.com/fastlink.html?search=179396000</subfield>
      <subfield code="3">permalink</subfield>
    </datafield>
    <datafield tag="856" ind1=" " ind2=" ">
      <subfield code="a">https://ifl.wissensbank.com/cgi-bin/starfetch.exe?UfVGdZRrXY63twKHmi@Bz7NuPiA1C1c5IrHUL5576501yCQ823lyDRJoJQw@ftKkDizM@Zyr2YgUyyL8VI290tsWoOibY4ucqhvraTENnuindnra5b1ja7RHUeQteKKLVsycNYv3mSSb3aZSVfMJAg/HK478.jpg</subfield>
      <subfield code="3">file</subfield>
    </datafield>
  </record>