
  <record>
    <leader>01250nem  22002893  4500</leader>
    <controlfield tag="001">179397000</controlfield>
    <controlfield tag="003">DE-185</controlfield>
    <controlfield tag="007">ta</controlfield>
    <controlfield tag="008">1738                             i|</controlfield>
    <datafield tag="084" ind1=" " ind2=" ">
      <subfield code="a">RA05.01 Deutschland</subfield>
    </datafield>
    <datafield tag="225" ind1=" " ind2=" ">
      <subfield code="c">E 9°53'10"-E 12°10'18"/N 51°43'19"-N 50°34'07"</subfield>
    </datafield>
    <datafield tag="245" ind1="1" ind2="0">
      <subfield code="a">Landgraviat. Thuringiae</subfield>
      <subfield code="b">Tabula Generalis in suos Principatus et Sta[t]us accurate divi.</subfield>
      <subfield code="c">per Ioh. Bapt. Homa. Noviter haec Tabula auctior &amp; correctior reddita est studio Friderici Christiani Lesseri. Curantibus Homannianis Heredibus</subfield>
    </datafield>
    <datafield tag="250" ind1=" " ind2=" ">
      <subfield code="a">[Überarb. Neuaufl. d. Ausg. von 1729 / bearb. von Friedrich C. Lesser]</subfield>
    </datafield>
    <datafield tag="260" ind1=" " ind2=" ">
      <subfield code="a">Noriberg.</subfield>
      <subfield code="b">Homannianis Heredibus [Homannsche Erben]</subfield>
      <subfield code="c">1738</subfield>
    </datafield>
    <datafield tag="300" ind1=" " ind2=" ">
      <subfield code="a">1 Kt.</subfield>
      <subfield code="b">kolor.</subfield>
      <subfield code="c">57 x 48 cm</subfield>
    </datafield>
    <datafield tag="337" ind1=" " ind2=" ">
      <subfield code="a">Karte</subfield>
    </datafield>
    <datafield tag="500" ind1=" " ind2=" ">
      <subfield code="a">Maßstab in graph. Form (Milliaria Germanica Communia, Milliaria Gallica Communia). - Titelkartusche und Maßstab unten rechts. - Farbtafel (Herrschaftsgebiete) unten links. - Nach Angaben auf d. oberen Kt.-Rand beruht die Vorl. von 1729 auf e. Bearb. von Johann Christ. Homann. - Relief: Einzelberge</subfield>
    </datafield>
    <datafield tag="520" ind1="3" ind2="#">
      <subfield code="a">Verwaltungskarte von den Herzogtümern und Grafschaften in Thüringen</subfield>
    </datafield>
    <datafield tag="650" ind1=" " ind2="4">
      <subfield code="a">Altkarte</subfield>
    </datafield>
    <datafield tag="650" ind1=" " ind2="4">
      <subfield code="a">Verwaltungskarte</subfield>
    </datafield>
    <datafield tag="651" ind1=" " ind2="4">
      <subfield code="a">Deutschland</subfield>
    </datafield>
    <datafield tag="651" ind1=" " ind2="4">
      <subfield code="a">Thüringen</subfield>
    </datafield>
    <datafield tag="700" ind1="2" ind2=" ">
      <subfield code="a">Homann, Johann Baptist</subfield>
    </datafield>
    <datafield tag="700" ind1="2" ind2=" ">
      <subfield code="a">Homann, Johann Christoph</subfield>
    </datafield>
    <datafield tag="700" ind1="2" ind2=" ">
      <subfield code="a">Lesser, Friedrich Christian</subfield>
    </datafield>
    <datafield tag="700" ind1="2" ind2=" ">
      <subfield code="a">Homann, ...</subfield>
    </datafield>
    <datafield tag="841" ind1=" " ind2=" ">
      <subfield code="a">em__</subfield>
      <subfield code="b">1738</subfield>
      <subfield code="c">3</subfield>
    </datafield>
    <datafield tag="852" ind1=" " ind2=" ">
      <subfield code="a">DE-185</subfield>
      <subfield code="c">Historische Abteilung</subfield>
      <subfield code="m">HK 0479</subfield>
      <subfield code="t">179397001</subfield>
    </datafield>
    <datafield tag="856" ind1=" " ind2=" ">
      <subfield code="a">https://ifl.wissensbank.com/fastlink.html?search=179397000</subfield>
      <subfield code="3">permalink</subfield>
    </datafield>
    <datafield tag="856" ind1=" " ind2=" ">
      <subfield code="a">https://ifl.wissensbank.com/cgi-bin/starfetch.exe?@y3v2LGe.Mnth64wN9sc5wIt2tTvq2GHgPPXW9WZ8694DDuG1aNww2B@Gyqo1HERAUQXK7vo.7GBkP7qDcIjnXioBOEu8AbNXy27NXNuzGCzJr0RZ5qNwjRyOUwbeT2Qk.ogmiBf.hVmJ@lIwMo92g/HK479.jpg</subfield>
      <subfield code="3">file</subfield>
    </datafield>
  </record>