
  <record>
    <leader>01250nem  22002893  4500</leader>
    <controlfield tag="001">179399000</controlfield>
    <controlfield tag="003">DE-185</controlfield>
    <controlfield tag="007">ta</controlfield>
    <controlfield tag="008">[1781]                           i|</controlfield>
    <datafield tag="084" ind1=" " ind2=" ">
      <subfield code="a">RA05.01 Deutschland</subfield>
    </datafield>
    <datafield tag="225" ind1=" " ind2=" ">
      <subfield code="c">E 9°55'00"-E 12°08'00"/N 51°43'00"-N 50°33'00"</subfield>
    </datafield>
    <datafield tag="245" ind1="1" ind2="0">
      <subfield code="a">Illustrissimo Principi Ioanni Georgio Duci Saxoniae Hanc Thuringiae Lantgraviatus Tabulam Omni Animi Devotione Offert Et Inscribit Petrus Schenk</subfield>
      <subfield code="b">Cum Priv.</subfield>
    </datafield>
    <datafield tag="260" ind1=" " ind2=" ">
      <subfield code="a">Amst.</subfield>
      <subfield code="b">Petrus Schenk</subfield>
      <subfield code="c">[1781]</subfield>
    </datafield>
    <datafield tag="300" ind1=" " ind2=" ">
      <subfield code="a">1 Kt.</subfield>
      <subfield code="b">Grenzen kolor.</subfield>
      <subfield code="c">58 x 48 cm</subfield>
    </datafield>
    <datafield tag="337" ind1=" " ind2=" ">
      <subfield code="a">Karte</subfield>
    </datafield>
    <datafield tag="500" ind1=" " ind2=" ">
      <subfield code="a">Maßstab in graph. Form (Milliaria Germanica communia, Milliaria Galica communia). - Titel oberhalb Kt.-Bild. - Maßtabskartusche unten links. - Wappenkartusche unten rechts. - Relief: Einzelberge</subfield>
    </datafield>
    <datafield tag="520" ind1="3" ind2="#">
      <subfield code="a">Verwaltungskarte von der Landgrafschaft Thüringen</subfield>
    </datafield>
    <datafield tag="650" ind1=" " ind2="4">
      <subfield code="a">Altkarte</subfield>
    </datafield>
    <datafield tag="650" ind1=" " ind2="4">
      <subfield code="a">Verwaltungskarte</subfield>
    </datafield>
    <datafield tag="651" ind1=" " ind2="4">
      <subfield code="a">Deutschland</subfield>
    </datafield>
    <datafield tag="651" ind1=" " ind2="4">
      <subfield code="a">Thüringen</subfield>
    </datafield>
    <datafield tag="700" ind1="2" ind2=" ">
      <subfield code="a">Schenk, Pieter (der Jüngere)</subfield>
    </datafield>
    <datafield tag="841" ind1=" " ind2=" ">
      <subfield code="a">em__</subfield>
      <subfield code="b">[1781]</subfield>
      <subfield code="c">3</subfield>
    </datafield>
    <datafield tag="852" ind1=" " ind2=" ">
      <subfield code="a">DE-185</subfield>
      <subfield code="c">Historische Abteilung</subfield>
      <subfield code="m">HK 0481</subfield>
      <subfield code="t">179399001</subfield>
    </datafield>
    <datafield tag="856" ind1=" " ind2=" ">
      <subfield code="a">https://ifl.wissensbank.com/fastlink.html?search=179399000</subfield>
      <subfield code="3">permalink</subfield>
    </datafield>
    <datafield tag="856" ind1=" " ind2=" ">
      <subfield code="a">https://ifl.wissensbank.com/cgi-bin/starfetch.exe?MDu1vru4IDENn32DAEnyEVK3Vuw5MgegHbchh@7bEr5PXfuTpNL0OLa0jn33IGbkIZzNvS1Ucd06qOIUzNGjky@FdMXgPGnxi49mz3CaIOHHSfvnAk4jxr9DxcijFmQkMTFj6az7Jd0bgIPkx69.aQ/HK481.jpg</subfield>
      <subfield code="3">file</subfield>
    </datafield>
  </record>