
  <record>
    <leader>01250nem  22002893  4500</leader>
    <controlfield tag="001">179400000</controlfield>
    <controlfield tag="003">DE-185</controlfield>
    <controlfield tag="007">ta</controlfield>
    <controlfield tag="008">1835                             i|ger</controlfield>
    <datafield tag="041" ind1=" " ind2=" ">
      <subfield code="a">ger</subfield>
    </datafield>
    <datafield tag="084" ind1=" " ind2=" ">
      <subfield code="a">RI02.12 Indonesien</subfield>
    </datafield>
    <datafield tag="225" ind1=" " ind2=" ">
      <subfield code="c">E 104°30'00"-E 122°19'00"/S 1°51'00"-S 10°43'00"</subfield>
    </datafield>
    <datafield tag="245" ind1="1" ind2="0">
      <subfield code="a">Reduzirte Karte vom Sunda- Oder Borneo-Meere und den Strassen zur Verbindung desselben mit dem Indischen und dem Chinesischen Meere, der Macassar-Strasse &amp;c</subfield>
      <subfield code="b">zugleich als Karte von Djava, den kleinen Sunda-Inseln, Celebes, &amp;c, &amp;c ; Dem Kaiserl. Russ. Admiral von Krusenstern als öffentlichen Beweis innigster Hochachtung gewidmet</subfield>
      <subfield code="c">von H. Berghaus. Gest. v. W. Jättnig</subfield>
    </datafield>
    <datafield tag="260" ind1=" " ind2=" ">
      <subfield code="a">Gotha</subfield>
      <subfield code="b">J. Perthes</subfield>
      <subfield code="c">1835</subfield>
    </datafield>
    <datafield tag="300" ind1=" " ind2=" ">
      <subfield code="a">1 Kt.</subfield>
      <subfield code="b">Grenzen kolor.</subfield>
      <subfield code="c">87 x 62 cm</subfield>
    </datafield>
    <datafield tag="337" ind1=" " ind2=" ">
      <subfield code="a">Karte</subfield>
    </datafield>
    <datafield tag="500" ind1=" " ind2=" ">
      <subfield code="a">Ohne Maßstab. - Titel oben links. - Ohne Längen- u. Breitengrade. - Mit 6 Nebenkt.: Gaspar Strassen. Karte von Batavia. Sunda Strasse. Lombock Strasse. Allass Str. Sapy Str. - Aus: Atlas von Asia / Heinrich K. Berghaus ; 17. - Mit Tiefenangaben. - Relief: kräftige Schraffen. - Mit mehreren Ansichten von Einzelbergen</subfield>
    </datafield>
    <datafield tag="520" ind1="3" ind2="#">
      <subfield code="a">Seekarte von den Großen und Kleinen Sunda-Inseln</subfield>
    </datafield>
    <datafield tag="650" ind1=" " ind2="4">
      <subfield code="a">Altkarte</subfield>
    </datafield>
    <datafield tag="650" ind1=" " ind2="4">
      <subfield code="a">Seekarte</subfield>
    </datafield>
    <datafield tag="651" ind1=" " ind2="4">
      <subfield code="a">Indonesien</subfield>
    </datafield>
    <datafield tag="651" ind1=" " ind2="4">
      <subfield code="a">Sunda-Inseln</subfield>
    </datafield>
    <datafield tag="651" ind1=" " ind2="4">
      <subfield code="a">Jawasee</subfield>
    </datafield>
    <datafield tag="700" ind1="2" ind2=" ">
      <subfield code="a">Jättnig, Wilhelm</subfield>
    </datafield>
    <datafield tag="700" ind1="2" ind2=" ">
      <subfield code="a">Berghaus, Heinrich Karl Wilhelm</subfield>
    </datafield>
    <datafield tag="700" ind1="2" ind2=" ">
      <subfield code="a">Perthes, Justus</subfield>
    </datafield>
    <datafield tag="841" ind1=" " ind2=" ">
      <subfield code="a">em__</subfield>
      <subfield code="b">1835</subfield>
      <subfield code="c">3</subfield>
    </datafield>
    <datafield tag="852" ind1=" " ind2=" ">
      <subfield code="a">DE-185</subfield>
      <subfield code="c">Historische Abteilung</subfield>
      <subfield code="m">HK 0482</subfield>
      <subfield code="t">179400001</subfield>
    </datafield>
    <datafield tag="856" ind1=" " ind2=" ">
      <subfield code="a">https://ifl.wissensbank.com/fastlink.html?search=179400000</subfield>
      <subfield code="3">permalink</subfield>
    </datafield>
    <datafield tag="856" ind1=" " ind2=" ">
      <subfield code="a">https://ifl.wissensbank.com/cgi-bin/starfetch.exe?OIwk2hnW4xPTW.xJYOAvlUaeHQ7nuGmUBNK3xB0EHiuaLmILCC3kn7GDMUVnF7RNdmAPtOW@V1jRX0FBuMCni@D4vwFLqhBtnVBfE1fyQ.GuczGOvKy0xK2eudQt@zbansfcLDmSKabiOkix4VJDzA/HK482.jpg</subfield>
      <subfield code="3">file</subfield>
    </datafield>
  </record>