
  <record>
    <leader>01250nem  22002893  4500</leader>
    <controlfield tag="001">179401000</controlfield>
    <controlfield tag="003">DE-185</controlfield>
    <controlfield tag="007">ta</controlfield>
    <controlfield tag="008">1835                             i|ger</controlfield>
    <datafield tag="041" ind1=" " ind2=" ">
      <subfield code="a">ger</subfield>
    </datafield>
    <datafield tag="084" ind1=" " ind2=" ">
      <subfield code="a">RI02 Südostasien</subfield>
    </datafield>
    <datafield tag="225" ind1=" " ind2=" ">
      <subfield code="c">E 98°52'00"-E 117°37'00"/N 10°11'00"-S 2°38'00"</subfield>
    </datafield>
    <datafield tag="245" ind1="1" ind2="0">
      <subfield code="a">Reduzierte Karte vom Chinesischen Meer</subfield>
      <subfield code="b">1stes oder Südliches Blatt ; Dem Kapitain James Horsburgh, F. R. S., A. S., G. S., Korrespond. Mitgliede der Kaiserl. Akademie der Wissenschaften zu St. Petersburg, Hydrographen der Ehrenw. Ostindischen Kompagnie, - dem gelehrten Beschreiber der Indischen Meere, durch dessen treffliche Arbeiten und freündschaftliche Privat-Mittheilungen der Entwurf der hydrographischen Blätter des Asiatisch. Atlases ur allein möglich wurde, - widmet die vorliegende Darstellung des Chinesischen Meeres aus innigster Verehrung und Dankbarkeit</subfield>
      <subfield code="c">Gestochen von W. Jaeck u. W. Brose. H. Berghaus</subfield>
    </datafield>
    <datafield tag="260" ind1=" " ind2=" ">
      <subfield code="a">Gotha</subfield>
      <subfield code="b">J. Perthes</subfield>
      <subfield code="c">1835</subfield>
    </datafield>
    <datafield tag="300" ind1=" " ind2=" ">
      <subfield code="a">1 Kt.</subfield>
      <subfield code="b">Grenzen kolor.</subfield>
      <subfield code="c">88 x 62 cm</subfield>
    </datafield>
    <datafield tag="337" ind1=" " ind2=" ">
      <subfield code="a">Karte</subfield>
    </datafield>
    <datafield tag="500" ind1=" " ind2=" ">
      <subfield code="a">Ohne Maßstab. - Titel unten links. - Mit 1 Nebenkt.: Golf von Siam und die Küste Von Kambodja, Tschampa. - Aus: Atlas von Asia / Heinrich K. Berghaus ; 14. - Anmerkung rechts Mitte. - Mit Meerestiefen und Kursangaben. - Relief: Einzelberge angedeutet</subfield>
    </datafield>
    <datafield tag="520" ind1="3" ind2="#">
      <subfield code="a">Seekarte vom Südchinesischen Meer</subfield>
    </datafield>
    <datafield tag="650" ind1=" " ind2="4">
      <subfield code="a">Altkarte</subfield>
    </datafield>
    <datafield tag="650" ind1=" " ind2="4">
      <subfield code="a">Seekarte</subfield>
    </datafield>
    <datafield tag="650" ind1=" " ind2="4">
      <subfield code="a">Meer</subfield>
    </datafield>
    <datafield tag="650" ind1=" " ind2="4">
      <subfield code="a">Straße</subfield>
    </datafield>
    <datafield tag="651" ind1=" " ind2="4">
      <subfield code="a">Südostasien</subfield>
    </datafield>
    <datafield tag="651" ind1=" " ind2="4">
      <subfield code="a">Südchinesisches Meer</subfield>
    </datafield>
    <datafield tag="651" ind1=" " ind2="4">
      <subfield code="a">Straße von Malakka</subfield>
    </datafield>
    <datafield tag="700" ind1="2" ind2=" ">
      <subfield code="a">Jaeck, Wilhelm</subfield>
    </datafield>
    <datafield tag="700" ind1="2" ind2=" ">
      <subfield code="a">Berghaus, Heinrich Karl Wilhelm</subfield>
    </datafield>
    <datafield tag="700" ind1="2" ind2=" ">
      <subfield code="a">Brose, W.</subfield>
    </datafield>
    <datafield tag="700" ind1="2" ind2=" ">
      <subfield code="a">Horsburgh, James</subfield>
    </datafield>
    <datafield tag="700" ind1="2" ind2=" ">
      <subfield code="a">Perthes, Justus</subfield>
    </datafield>
    <datafield tag="841" ind1=" " ind2=" ">
      <subfield code="a">em__</subfield>
      <subfield code="b">1835</subfield>
      <subfield code="c">3</subfield>
    </datafield>
    <datafield tag="852" ind1=" " ind2=" ">
      <subfield code="a">DE-185</subfield>
      <subfield code="c">Historische Abteilung</subfield>
      <subfield code="m">HK 0483</subfield>
      <subfield code="t">179401001</subfield>
    </datafield>
    <datafield tag="856" ind1=" " ind2=" ">
      <subfield code="a">https://ifl.wissensbank.com/fastlink.html?search=179401000</subfield>
      <subfield code="3">permalink</subfield>
    </datafield>
    <datafield tag="856" ind1=" " ind2=" ">
      <subfield code="a">https://ifl.wissensbank.com/cgi-bin/starfetch.exe?NW7HLJO.3fE3tuavTZGQTByUkMWGIjHC@wTPB1yRufEK9cdluoMSzRpVO9t5i9nPpDkkmCb6H8GlXbgKmgtOQ0Gf0EgBdcVB1zjmRZyAnO3Y3mu9DlxaLSMO7QdWiYEguc6QilHcAh@LpbpUKqxmtg/HK483.jpg</subfield>
      <subfield code="3">file</subfield>
    </datafield>
  </record>