
  <record>
    <leader>01250nem  22002893  4500</leader>
    <controlfield tag="001">179402000</controlfield>
    <controlfield tag="003">DE-185</controlfield>
    <controlfield tag="007">ta</controlfield>
    <controlfield tag="008">1837                             i|ger</controlfield>
    <datafield tag="041" ind1=" " ind2=" ">
      <subfield code="a">ger</subfield>
    </datafield>
    <datafield tag="084" ind1=" " ind2=" ">
      <subfield code="a">RI02.12 Indonesien</subfield>
    </datafield>
    <datafield tag="084" ind1=" " ind2=" ">
      <subfield code="a">RL02 Indischer Ozean</subfield>
    </datafield>
    <datafield tag="225" ind1=" " ind2=" ">
      <subfield code="c">E 94°56'00"-E 108°20'00"/N 6°07'00"-S 6°18'00"</subfield>
    </datafield>
    <datafield tag="245" ind1="1" ind2="0">
      <subfield code="a">Karte von der Insel Sumatra</subfield>
      <subfield code="b">S[eine]r Hochwohlgeboren, dem Königl. Preüss. General Consul für die Vereinigten Königreiche Grossbritannien und Ireland Herrn B. Hebeler in London widmet dieses Atlass-Blatt als Zeichen der Hochachtung und Dankbarkeit H. Berghaus</subfield>
      <subfield code="c">H. Berghaus. Gest. v. W. Jättnig.</subfield>
    </datafield>
    <datafield tag="260" ind1=" " ind2=" ">
      <subfield code="a">Gotha</subfield>
      <subfield code="b">J. Perthes</subfield>
      <subfield code="c">1837</subfield>
    </datafield>
    <datafield tag="300" ind1=" " ind2=" ">
      <subfield code="a">1 Kt.</subfield>
      <subfield code="b">Grenzen kolor.</subfield>
      <subfield code="c">92 x 60 cm</subfield>
    </datafield>
    <datafield tag="337" ind1=" " ind2=" ">
      <subfield code="a">Karte</subfield>
    </datafield>
    <datafield tag="500" ind1=" " ind2=" ">
      <subfield code="a">Ohne Maßstab. - Titel oben links. - Mit 1 Profil: Querprofil durch Sumatra. - Mit 6 Nebenkt.: Die Lacca Diven. Die Male Diven [u.a.]. - Nullmeridian: Paris. - NE oben. - Relief: Bergschraffen. - Aus: Atlas Von Asia / Heinrich K. Berghaus ; 11</subfield>
    </datafield>
    <datafield tag="520" ind1="3" ind2="#">
      <subfield code="a">Karte von den westlichen Sunda-Inseln</subfield>
    </datafield>
    <datafield tag="650" ind1=" " ind2="4">
      <subfield code="a">Altkarte</subfield>
    </datafield>
    <datafield tag="651" ind1=" " ind2="4">
      <subfield code="a">Indonesien</subfield>
    </datafield>
    <datafield tag="651" ind1=" " ind2="4">
      <subfield code="a">Sumatera</subfield>
    </datafield>
    <datafield tag="651" ind1=" " ind2="4">
      <subfield code="a">Indischer Ozean</subfield>
    </datafield>
    <datafield tag="651" ind1=" " ind2="4">
      <subfield code="a">Malediven</subfield>
    </datafield>
    <datafield tag="651" ind1=" " ind2="4">
      <subfield code="a">Lakshadweep Islands</subfield>
    </datafield>
    <datafield tag="700" ind1="2" ind2=" ">
      <subfield code="a">Berghaus, Heinrich Karl Wilhelm</subfield>
    </datafield>
    <datafield tag="700" ind1="2" ind2=" ">
      <subfield code="a">Jättnig, Wilhelm</subfield>
    </datafield>
    <datafield tag="700" ind1="2" ind2=" ">
      <subfield code="a">Hebeler, B.</subfield>
    </datafield>
    <datafield tag="700" ind1="2" ind2=" ">
      <subfield code="a">Perthes, Justus</subfield>
    </datafield>
    <datafield tag="841" ind1=" " ind2=" ">
      <subfield code="a">em__</subfield>
      <subfield code="b">1837</subfield>
      <subfield code="c">3</subfield>
    </datafield>
    <datafield tag="852" ind1=" " ind2=" ">
      <subfield code="a">DE-185</subfield>
      <subfield code="c">Historische Abteilung</subfield>
      <subfield code="m">HK 0484</subfield>
      <subfield code="t">179402001</subfield>
    </datafield>
    <datafield tag="856" ind1=" " ind2=" ">
      <subfield code="a">https://ifl.wissensbank.com/fastlink.html?search=179402000</subfield>
      <subfield code="3">permalink</subfield>
    </datafield>
    <datafield tag="856" ind1=" " ind2=" ">
      <subfield code="a">https://ifl.wissensbank.com/cgi-bin/starfetch.exe?vvkuA4rVava4ycorxkJPRdeHxlRfgcydf7MaegO43kk2tax@Am2@FeS2KsiT.X22bLk@UDG4xu7x3R3rirX.LszXzBZMGz204cIcOX6CAckQo5gXCDsZe9qCaHZSd3vxyk.YKf@OGnnLS1Dgz8qNhA/HK484.jpg</subfield>
      <subfield code="3">file</subfield>
    </datafield>
  </record>