
  <record>
    <leader>01250nem  22002893  4500</leader>
    <controlfield tag="001">179407000</controlfield>
    <controlfield tag="003">DE-185</controlfield>
    <controlfield tag="007">ta</controlfield>
    <controlfield tag="008">1747                             i|</controlfield>
    <datafield tag="084" ind1=" " ind2=" ">
      <subfield code="a">RA05.01 Deutschland</subfield>
    </datafield>
    <datafield tag="225" ind1=" " ind2=" ">
      <subfield code="c">E 10°36'00"-E 12°03'00"/N 50°58'00"-N 50°22'00"</subfield>
    </datafield>
    <datafield tag="245" ind1="1" ind2="0">
      <subfield code="a">Regiae Celsitudini Serenissimo Principi ac Domino Friderico Christiano Leopoldo Principi Regio Poloniae et Lithuaniae, Principi Electorali et Duci Saxoniae, Iuliaci, Cliviae et Montium, Angriae quoque et Westphaliae, Landgravio, Thuringiae, Marchioni Misniae et Lusatiae Superioris ac Inferioris, Burggravio Magdeburgico Principi Comiti Hennebergensi, Comiti Marcae, Ravensbergae, Barby et Hanoviae, Dynastae Ravensteinii Principi Electorali et Domino suo longe clementissimo Thuringiae Orientalis Tabulam hanc Geographicam summa mentis devotione consecrat subiectissimus devotissimusque servus</subfield>
      <subfield code="c">Iohannes Wilhelmus Zollmann. Curantibus Homannianis Heredibus. Christ. Fridr. Oetinger sculps.</subfield>
    </datafield>
    <datafield tag="260" ind1=" " ind2=" ">
      <subfield code="a">Norib.</subfield>
      <subfield code="b">Homannianis Heredibus [Homannsche Erben]</subfield>
      <subfield code="c">1747</subfield>
    </datafield>
    <datafield tag="300" ind1=" " ind2=" ">
      <subfield code="a">1 Kt.</subfield>
      <subfield code="b">teilw. kolor.</subfield>
      <subfield code="c">47 x 33 cm</subfield>
    </datafield>
    <datafield tag="337" ind1=" " ind2=" ">
      <subfield code="a">Karte</subfield>
    </datafield>
    <datafield tag="500" ind1=" " ind2=" ">
      <subfield code="a">Maßstab in graph. Form (Milliaria Communia). - Titelkartusche mit Wappen unten links. - Titel mit Sektionen oberhalb Kt.-Bild. - Maßstab oberhalb Kt.-Bild. - Relief angedeutet</subfield>
    </datafield>
    <datafield tag="520" ind1="3" ind2="#">
      <subfield code="a">Verwaltungskarte der Grafschaft Schwarzburg in Thüringen</subfield>
    </datafield>
    <datafield tag="650" ind1=" " ind2="4">
      <subfield code="a">Altkarte</subfield>
    </datafield>
    <datafield tag="650" ind1=" " ind2="4">
      <subfield code="a">Verwaltungskarte</subfield>
    </datafield>
    <datafield tag="651" ind1=" " ind2="4">
      <subfield code="a">Deutschland</subfield>
    </datafield>
    <datafield tag="651" ind1=" " ind2="4">
      <subfield code="a">Ostthüringen</subfield>
    </datafield>
    <datafield tag="651" ind1=" " ind2="4">
      <subfield code="a">Schwarzburg (Gfsch.)</subfield>
    </datafield>
    <datafield tag="700" ind1="2" ind2=" ">
      <subfield code="a">Friedrich Christian (Sachsen, Kurfürst)</subfield>
    </datafield>
    <datafield tag="700" ind1="2" ind2=" ">
      <subfield code="a">Zollmann, Johann Wilhelm</subfield>
    </datafield>
    <datafield tag="700" ind1="2" ind2=" ">
      <subfield code="a">Oetinger, Christoph Friedrich</subfield>
    </datafield>
    <datafield tag="700" ind1="2" ind2=" ">
      <subfield code="a">Homann, ...</subfield>
    </datafield>
    <datafield tag="841" ind1=" " ind2=" ">
      <subfield code="a">em__</subfield>
      <subfield code="b">1747</subfield>
      <subfield code="c">3</subfield>
    </datafield>
    <datafield tag="852" ind1=" " ind2=" ">
      <subfield code="a">DE-185</subfield>
      <subfield code="c">Historische Abteilung</subfield>
      <subfield code="m">HK 0490</subfield>
      <subfield code="t">179407001</subfield>
    </datafield>
    <datafield tag="856" ind1=" " ind2=" ">
      <subfield code="a">https://ifl.wissensbank.com/fastlink.html?search=179407000</subfield>
      <subfield code="3">permalink</subfield>
    </datafield>
    <datafield tag="856" ind1=" " ind2=" ">
      <subfield code="a">https://ifl.wissensbank.com/cgi-bin/starfetch.exe?dNDGeDRS1@GiQQ8SY8oOdDMorOCSsyyRdbB@Xn1nJm1kLlhnsxdkblbQgQn5T8mHc@Aq@d7CwCOoclBl9kaYhCzXpC@O0w1ylHGpg00elaXBg2dHrTdCTijHZGyg2T4Hq4D32suf4jfLW@pTD7bRPw/HK%200490.jpg</subfield>
      <subfield code="3">file</subfield>
    </datafield>
  </record>