
  <record>
    <leader>01250nem  22002893  4500</leader>
    <controlfield tag="001">179414000</controlfield>
    <controlfield tag="003">DE-185</controlfield>
    <controlfield tag="007">ta</controlfield>
    <controlfield tag="008">1852                             i|ger</controlfield>
    <datafield tag="041" ind1=" " ind2=" ">
      <subfield code="a">ger</subfield>
    </datafield>
    <datafield tag="084" ind1=" " ind2=" ">
      <subfield code="a">RA05.01 Deutschland</subfield>
    </datafield>
    <datafield tag="225" ind1=" " ind2=" ">
      <subfield code="c">E 11°37'00"-E 13°47'00"/N 52°21'00"-N 51°19'00"</subfield>
    </datafield>
    <datafield tag="245" ind1="1" ind2="0">
      <subfield code="a">Das Kur-Herzogthum Sachsen in seinen früheren Bestandtheilen</subfield>
      <subfield code="c">Entw. v. M. Tutzschmann</subfield>
    </datafield>
    <datafield tag="260" ind1=" " ind2=" ">
      <subfield code="a">Cassel</subfield>
      <subfield code="b">Th. Fischer</subfield>
      <subfield code="c">[1852]</subfield>
    </datafield>
    <datafield tag="300" ind1=" " ind2=" ">
      <subfield code="a">1 Kt.</subfield>
      <subfield code="b">Grenzen kolor.</subfield>
      <subfield code="c">29 x 23 cm</subfield>
    </datafield>
    <datafield tag="337" ind1=" " ind2=" ">
      <subfield code="a">Karte</subfield>
    </datafield>
    <datafield tag="500" ind1=" " ind2=" ">
      <subfield code="a">Maßstab in graph. Form (geogr. Meilen). - Titel und Maßstab unten Mitte. - Erkl. der Farben unten links. - Erkl. der Zeichen unten rechts. - Vers. Wappen oberhalb. - Aus: Atlas zur Geschichte der sächsischen Länder : mit Einschluss der Schwarzburgischen und Reussischen, in 22 Karten / von Max. Moritz Tutzschmann. - Ohne Relief</subfield>
    </datafield>
    <datafield tag="520" ind1="3" ind2="#">
      <subfield code="a">Karte der Umgebung von Wittenberg mit Flüssen, Straßen etc.</subfield>
    </datafield>
    <datafield tag="650" ind1=" " ind2="4">
      <subfield code="a">Altkarte</subfield>
    </datafield>
    <datafield tag="650" ind1=" " ind2="4">
      <subfield code="a">Politische Karte</subfield>
    </datafield>
    <datafield tag="651" ind1=" " ind2="4">
      <subfield code="a">Deutschland</subfield>
    </datafield>
    <datafield tag="651" ind1=" " ind2="4">
      <subfield code="a">Mitteldeutschland</subfield>
    </datafield>
    <datafield tag="651" ind1=" " ind2="4">
      <subfield code="a">Sachsen</subfield>
    </datafield>
    <datafield tag="700" ind1="2" ind2=" ">
      <subfield code="a">Tutzschmann, Maximilian Moritz</subfield>
    </datafield>
    <datafield tag="700" ind1="2" ind2=" ">
      <subfield code="a">Fischer, Th.</subfield>
    </datafield>
    <datafield tag="841" ind1=" " ind2=" ">
      <subfield code="a">em__</subfield>
      <subfield code="b">1852</subfield>
      <subfield code="c">3</subfield>
    </datafield>
    <datafield tag="852" ind1=" " ind2=" ">
      <subfield code="a">DE-185</subfield>
      <subfield code="c">Historische Abteilung</subfield>
      <subfield code="m">HK 0498</subfield>
      <subfield code="t">179414001</subfield>
    </datafield>
    <datafield tag="856" ind1=" " ind2=" ">
      <subfield code="a">https://ifl.wissensbank.com/fastlink.html?search=179414000</subfield>
      <subfield code="3">permalink</subfield>
    </datafield>
    <datafield tag="856" ind1=" " ind2=" ">
      <subfield code="a">https://ifl.wissensbank.com/cgi-bin/starfetch.exe?gnQUJpd1NS2rbuP4iBDtQJGBfAQn0tQZnVdI0yDtjJoOljztuIaxDXWSzvJ8O3cA1hEE6UgTAc6H6paG95GT0hwNdfZq8ySCwsEsqqfamOq8Rv0lSMWuhPvBbcnFOZBht32qARFTXm6jSApVZI0rkg/HK%200498.jpg</subfield>
      <subfield code="3">file</subfield>
    </datafield>
  </record>