
  <record>
    <leader>01250nem  22002893  4500</leader>
    <controlfield tag="001">179415000</controlfield>
    <controlfield tag="003">DE-185</controlfield>
    <controlfield tag="007">ta</controlfield>
    <controlfield tag="008">1852                             i|ger</controlfield>
    <datafield tag="041" ind1=" " ind2=" ">
      <subfield code="a">ger</subfield>
    </datafield>
    <datafield tag="084" ind1=" " ind2=" ">
      <subfield code="a">RA05.01 Deutschland</subfield>
    </datafield>
    <datafield tag="225" ind1=" " ind2=" ">
      <subfield code="c">E 9°47'00"-E 15°31'00"/N 52°54'00"-N 50°09'00"</subfield>
    </datafield>
    <datafield tag="245" ind1="1" ind2="0">
      <subfield code="a">Das Albertinische Sachsen in seinen vier Linien</subfield>
      <subfield code="b">nach dem Testament Johann Georgs I. 1652 bis 1746</subfield>
      <subfield code="c">Entw. v. M. Tutzschmann, Dresden</subfield>
    </datafield>
    <datafield tag="260" ind1=" " ind2=" ">
      <subfield code="a">Cassel</subfield>
      <subfield code="b">Th. Fischer</subfield>
      <subfield code="c">[1852]</subfield>
    </datafield>
    <datafield tag="300" ind1=" " ind2=" ">
      <subfield code="a">1 Kt.</subfield>
      <subfield code="b">Grenzen kolor.</subfield>
      <subfield code="c">29 x 23 cm</subfield>
    </datafield>
    <datafield tag="337" ind1=" " ind2=" ">
      <subfield code="a">Karte</subfield>
    </datafield>
    <datafield tag="500" ind1=" " ind2=" ">
      <subfield code="a">Maßstab in graph. Form (geogr. Meilen). - Titel unten rechts. - Maßstab und Erkl. der Einteilung oben rechts. - Erkl. der Zeichen oben links. - Aus: Atlas zur Geschichte der sächsischen Länder : mit Einschluss der Schwarzburgischen und Reussischen, in 22 Karten / von Max. Moritz Tutzschmann. - Relief: Einzelberge mit Schraffen angedeutet</subfield>
    </datafield>
    <datafield tag="520" ind1="3" ind2="#">
      <subfield code="a">Karte vom Kurfürstentum Sachsen mit Flüssen, Straßen etc.</subfield>
    </datafield>
    <datafield tag="650" ind1=" " ind2="4">
      <subfield code="a">Altkarte</subfield>
    </datafield>
    <datafield tag="650" ind1=" " ind2="4">
      <subfield code="a">Politische Karte</subfield>
    </datafield>
    <datafield tag="651" ind1=" " ind2="4">
      <subfield code="a">Deutschland</subfield>
    </datafield>
    <datafield tag="651" ind1=" " ind2="4">
      <subfield code="a">Sachsen</subfield>
    </datafield>
    <datafield tag="651" ind1=" " ind2="4">
      <subfield code="a">Sachsen-Anhalt</subfield>
    </datafield>
    <datafield tag="700" ind1="2" ind2=" ">
      <subfield code="a">Tutzschmann, Maximilian Moritz</subfield>
    </datafield>
    <datafield tag="700" ind1="2" ind2=" ">
      <subfield code="a">Johann Georg (Sachsen, Kurfürst, I.)</subfield>
    </datafield>
    <datafield tag="700" ind1="2" ind2=" ">
      <subfield code="a">Fischer, Th.</subfield>
    </datafield>
    <datafield tag="841" ind1=" " ind2=" ">
      <subfield code="a">em__</subfield>
      <subfield code="b">1852</subfield>
      <subfield code="c">3</subfield>
    </datafield>
    <datafield tag="852" ind1=" " ind2=" ">
      <subfield code="a">DE-185</subfield>
      <subfield code="c">Historische Abteilung</subfield>
      <subfield code="m">HK 0499</subfield>
      <subfield code="t">179415001</subfield>
    </datafield>
    <datafield tag="856" ind1=" " ind2=" ">
      <subfield code="a">https://ifl.wissensbank.com/fastlink.html?search=179415000</subfield>
      <subfield code="3">permalink</subfield>
    </datafield>
    <datafield tag="856" ind1=" " ind2=" ">
      <subfield code="a">https://ifl.wissensbank.com/cgi-bin/starfetch.exe?xuerNAHg@MXpOsVzgZTNSh01r7W1aOOn6IvWlDPYbY6azMEf2X74P46Yb30vZIabIVB0.qXTKjhUY4Behm7YTztW68OY789g2cXHl1i2zir5RLGk1@GLKFxBOg9myJ0h.MY.Bq4w72yXJXRxdxougQ/HK%200499.jpg</subfield>
      <subfield code="3">file</subfield>
    </datafield>
  </record>