
  <record>
    <leader>01250nem  22002893  4500</leader>
    <controlfield tag="001">179417000</controlfield>
    <controlfield tag="003">DE-185</controlfield>
    <controlfield tag="007">ta</controlfield>
    <controlfield tag="008">1829                             i|ger</controlfield>
    <datafield tag="041" ind1=" " ind2=" ">
      <subfield code="a">ger</subfield>
    </datafield>
    <datafield tag="084" ind1=" " ind2=" ">
      <subfield code="a">RA05.01 Deutschland</subfield>
    </datafield>
    <datafield tag="225" ind1=" " ind2=" ">
      <subfield code="c">E 10°45'00"-E 12°40'00"/N 52°08'00"-N 51°27'00"</subfield>
    </datafield>
    <datafield tag="245" ind1="1" ind2="0">
      <subfield code="a">Die Anhaltischen Herzogthuemer Dessau, Bernburg, Köthen</subfield>
      <subfield code="c">entworfen u. gezeichnet von H. S. Vieth, Herzogl. Dessau. Wasserbau-Inspector. Dessau bei C. G. Ackermann. In Stein gravirt v. W. Werner</subfield>
    </datafield>
    <datafield tag="260" ind1=" " ind2=" ">
      <subfield code="a">Dessau</subfield>
      <subfield code="b">Chapon u. Robrahn</subfield>
      <subfield code="c">[nach 1829]</subfield>
    </datafield>
    <datafield tag="300" ind1=" " ind2=" ">
      <subfield code="a">1 Kt.</subfield>
      <subfield code="b">unkolor.</subfield>
      <subfield code="c">35 x 32 cm</subfield>
    </datafield>
    <datafield tag="337" ind1=" " ind2=" ">
      <subfield code="a">Karte</subfield>
    </datafield>
    <datafield tag="500" ind1=" " ind2=" ">
      <subfield code="a">Maßstab in graph. Form (geograph. Meilen). - Titel mit Wappen oberhalb Kt.-Bild. - Statistische Einteilung der Herzogtümer und Maßstab unterhalb Kt.-Bild. - Relief: Schraffen</subfield>
    </datafield>
    <datafield tag="520" ind1="3" ind2="#">
      <subfield code="a">Verwaltungskarte von den Herzogtümern Dessau, Bernburg und Köthen mit Waldflächen, Straßen, Flüssen etc.</subfield>
    </datafield>
    <datafield tag="650" ind1=" " ind2="4">
      <subfield code="a">Altkarte</subfield>
    </datafield>
    <datafield tag="650" ind1=" " ind2="4">
      <subfield code="a">Verwaltungskarte</subfield>
    </datafield>
    <datafield tag="651" ind1=" " ind2="4">
      <subfield code="a">Deutschland</subfield>
    </datafield>
    <datafield tag="651" ind1=" " ind2="4">
      <subfield code="a">Anhalt</subfield>
    </datafield>
    <datafield tag="700" ind1="2" ind2=" ">
      <subfield code="a">Werner, Wilhelm</subfield>
    </datafield>
    <datafield tag="700" ind1="2" ind2=" ">
      <subfield code="a">Vieth, H. S.</subfield>
    </datafield>
    <datafield tag="700" ind1="2" ind2=" ">
      <subfield code="a">Ackermann, C. G.</subfield>
    </datafield>
    <datafield tag="841" ind1=" " ind2=" ">
      <subfield code="a">em__</subfield>
      <subfield code="b">1829</subfield>
      <subfield code="c">3</subfield>
    </datafield>
    <datafield tag="852" ind1=" " ind2=" ">
      <subfield code="a">DE-185</subfield>
      <subfield code="c">Historische Abteilung</subfield>
      <subfield code="m">HK 0501</subfield>
      <subfield code="t">179417001</subfield>
    </datafield>
    <datafield tag="856" ind1=" " ind2=" ">
      <subfield code="a">https://ifl.wissensbank.com/fastlink.html?search=179417000</subfield>
      <subfield code="3">permalink</subfield>
    </datafield>
    <datafield tag="856" ind1=" " ind2=" ">
      <subfield code="a">https://ifl.wissensbank.com/cgi-bin/starfetch.exe?9DIIv9eC7RuX.vuetqnpqz7X276DjtiY3rZqHJZKkp1s.GpaProekiBWQFKFs06R0xi.wu03old3.xV6a0VKevi70wtpxZokJVG6EAyt5FQsFsnQLV0OuNJ.sjFT.aF79kR@otDwQMRI5Yvr9eZ2.g/HK%200501.jpg</subfield>
      <subfield code="3">file</subfield>
    </datafield>
  </record>