
  <record>
    <leader>01250nem  22002893  4500</leader>
    <controlfield tag="001">179419000</controlfield>
    <controlfield tag="003">DE-185</controlfield>
    <controlfield tag="007">ta</controlfield>
    <controlfield tag="008">1753                             i|ger</controlfield>
    <datafield tag="041" ind1=" " ind2=" ">
      <subfield code="a">ger</subfield>
    </datafield>
    <datafield tag="084" ind1=" " ind2=" ">
      <subfield code="a">RA05.01 Deutschland</subfield>
    </datafield>
    <datafield tag="225" ind1=" " ind2=" ">
      <subfield code="c">E 10°40'00"-E 11°26'00"/N 51°26'00"-N 50°56'00"</subfield>
    </datafield>
    <datafield tag="245" ind1="1" ind2="0">
      <subfield code="a">Derer zu dem Thuringischen Creisse des Churfürstenthums Sachsen gehöhrigen Aemmter Sachsenburg und Weissensee richtige Delineation</subfield>
      <subfield code="b">nebst allen andern angrenzenden Gegenden ; mit Konigl. und Churfürstl. Sachss. Privilegie</subfield>
    </datafield>
    <datafield tag="260" ind1=" " ind2=" ">
      <subfield code="a">Amsterdam</subfield>
      <subfield code="b">Petrus Schenk</subfield>
      <subfield code="c">1753</subfield>
    </datafield>
    <datafield tag="300" ind1=" " ind2=" ">
      <subfield code="a">1 Kt.</subfield>
      <subfield code="b">Grenzen kolor.</subfield>
      <subfield code="c">48 x 47 cm</subfield>
    </datafield>
    <datafield tag="337" ind1=" " ind2=" ">
      <subfield code="a">Karte</subfield>
    </datafield>
    <datafield tag="500" ind1=" " ind2=" ">
      <subfield code="a">Maßstab in graph. Form (Gemeine Teützsche Meile). - Titel unten links. - Erkl. der Zeichen und Maßstab unten rechts. - Mit 1 Register der Orte, Wälder, Berge u. Gewässer auf d. Kt.-Rand. - Mit Suchnetz. - Aus: Atlas Saxonicus Novus ; 36. - Relief: Einzelberge</subfield>
    </datafield>
    <datafield tag="520" ind1="3" ind2="#">
      <subfield code="a">Karte von den Ämtern Sachsenburg und Weißensee</subfield>
    </datafield>
    <datafield tag="650" ind1=" " ind2="4">
      <subfield code="a">Altkarte</subfield>
    </datafield>
    <datafield tag="651" ind1=" " ind2="4">
      <subfield code="a">Deutschland</subfield>
    </datafield>
    <datafield tag="651" ind1=" " ind2="4">
      <subfield code="a">Thüringen</subfield>
    </datafield>
    <datafield tag="651" ind1=" " ind2="4">
      <subfield code="a">Sachsen</subfield>
    </datafield>
    <datafield tag="651" ind1=" " ind2="4">
      <subfield code="a">Weißensee (Amt)</subfield>
    </datafield>
    <datafield tag="651" ind1=" " ind2="4">
      <subfield code="a">Sachsenburg (Amt)</subfield>
    </datafield>
    <datafield tag="700" ind1="2" ind2=" ">
      <subfield code="a">Schenk, Pieter (der Jüngere)</subfield>
    </datafield>
    <datafield tag="841" ind1=" " ind2=" ">
      <subfield code="a">em__</subfield>
      <subfield code="b">1753</subfield>
      <subfield code="c">3</subfield>
    </datafield>
    <datafield tag="852" ind1=" " ind2=" ">
      <subfield code="a">DE-185</subfield>
      <subfield code="c">Historische Abteilung</subfield>
      <subfield code="m">HK 0503</subfield>
      <subfield code="t">179419001</subfield>
    </datafield>
    <datafield tag="856" ind1=" " ind2=" ">
      <subfield code="a">https://ifl.wissensbank.com/fastlink.html?search=179419000</subfield>
      <subfield code="3">permalink</subfield>
    </datafield>
    <datafield tag="856" ind1=" " ind2=" ">
      <subfield code="a">https://ifl.wissensbank.com/cgi-bin/starfetch.exe?Yi9AmDio.oiCbteZ8.g4wjlQ3FoqNargx8zzZG.gODJCoifMdE902i9gKRDJlTeYmM9G467b7AkmiOyCT22Zbk@SOZJFESDhEdbRD9nja.WDLwsp@SaCrsP5@HSJmwARdbdzImo4ndKhk.JMClLZrg/HK503.jpg</subfield>
      <subfield code="3">file</subfield>
    </datafield>
  </record>