
  <record>
    <leader>01250nem  22002893  4500</leader>
    <controlfield tag="001">179420000</controlfield>
    <controlfield tag="003">DE-185</controlfield>
    <controlfield tag="007">ta</controlfield>
    <controlfield tag="008">1754                             i|ger</controlfield>
    <datafield tag="041" ind1=" " ind2=" ">
      <subfield code="a">ger</subfield>
    </datafield>
    <datafield tag="084" ind1=" " ind2=" ">
      <subfield code="a">RA05.01 Deutschland</subfield>
    </datafield>
    <datafield tag="225" ind1=" " ind2=" ">
      <subfield code="c">E 10°06'26"-E 10°51'52"/N 51°20'58"-N 50°51'52"</subfield>
    </datafield>
    <datafield tag="245" ind1="1" ind2="0">
      <subfield code="a">Accurate Geographische Delineation des Zu dem Chursaechsischen Thüringen Gehörigen Ammtes Langensaltza</subfield>
      <subfield code="b">Nebst der Gahn Erbschafft Treffurth, Voigteÿ Dorla, und dem Fürstl. Schwartzburgl. Ammte Ebeleben, Ingel. Schernberg, und Der Freÿen Reichsstadt Mühlhausen Territorio auch allen andern dar angrenzenden Gegenden ; mit Königl. und Chürfürstl. Sächss. Previlegio</subfield>
    </datafield>
    <datafield tag="260" ind1=" " ind2=" ">
      <subfield code="a">Amsterdam</subfield>
      <subfield code="b">Petrus Schenk</subfield>
      <subfield code="c">1754</subfield>
    </datafield>
    <datafield tag="300" ind1=" " ind2=" ">
      <subfield code="a">1 Kt.</subfield>
      <subfield code="b">Grenzen kolor.</subfield>
      <subfield code="c">47 x 47 cm</subfield>
    </datafield>
    <datafield tag="337" ind1=" " ind2=" ">
      <subfield code="a">Karte</subfield>
    </datafield>
    <datafield tag="500" ind1=" " ind2=" ">
      <subfield code="a">Maßstab in graph. Form (gemeine Teützsche Meile). - Titelkartusche oben links. - Maßstabskartusche unten Mitte. - Erkl. der Zeichen unten links. - Mit 1 Register der Orte, Wälder, Berge u. Gewässer auf d. Plattenrand. - Aus: Atlas Saxonicus Novus ; 35. - Mit Suchnetz. - Relief: Einzelberge</subfield>
    </datafield>
    <datafield tag="520" ind1="3" ind2="#">
      <subfield code="a">Karte von dem Gebiet um Langensalza und Mühlhausen</subfield>
    </datafield>
    <datafield tag="650" ind1=" " ind2="4">
      <subfield code="a">Altkarte</subfield>
    </datafield>
    <datafield tag="651" ind1=" " ind2="4">
      <subfield code="a">Deutschland</subfield>
    </datafield>
    <datafield tag="651" ind1=" " ind2="4">
      <subfield code="a">Thüringen</subfield>
    </datafield>
    <datafield tag="700" ind1="2" ind2=" ">
      <subfield code="a">Schenk, Pieter (der Jüngere)</subfield>
    </datafield>
    <datafield tag="841" ind1=" " ind2=" ">
      <subfield code="a">em__</subfield>
      <subfield code="b">1754</subfield>
      <subfield code="c">3</subfield>
    </datafield>
    <datafield tag="852" ind1=" " ind2=" ">
      <subfield code="a">DE-185</subfield>
      <subfield code="c">Historische Abteilung</subfield>
      <subfield code="m">HK 0504</subfield>
      <subfield code="t">179420001</subfield>
    </datafield>
    <datafield tag="856" ind1=" " ind2=" ">
      <subfield code="a">https://ifl.wissensbank.com/fastlink.html?search=179420000</subfield>
      <subfield code="3">permalink</subfield>
    </datafield>
    <datafield tag="856" ind1=" " ind2=" ">
      <subfield code="a">https://ifl.wissensbank.com/cgi-bin/starfetch.exe?eCT6P8x3Ws@PIafcAMjpnWJsDurp2GTIBbjwCqOcSf0ubw4n6WKXF8sHCxjsgjBCHSqdmRSacLJ3pS2kA@ZpT@enzjxh5CfiOrR@gdXy8elyiMhy2hkJpWQAnAs3Cn8wsBF.K.Qwq1@Ij5F2iszfZA/HK504.jpg</subfield>
      <subfield code="3">file</subfield>
    </datafield>
  </record>