
  <record>
    <leader>01250nem  22002893  4500</leader>
    <controlfield tag="001">179421000</controlfield>
    <controlfield tag="003">DE-185</controlfield>
    <controlfield tag="007">ta</controlfield>
    <controlfield tag="008">1757                             i|ger</controlfield>
    <datafield tag="041" ind1=" " ind2=" ">
      <subfield code="a">ger</subfield>
    </datafield>
    <datafield tag="084" ind1=" " ind2=" ">
      <subfield code="a">RA05.01 Deutschland</subfield>
    </datafield>
    <datafield tag="225" ind1=" " ind2=" ">
      <subfield code="c">E 11°20'47"-E 12°18'32"/N 50°55'15"-N 50°26'31"</subfield>
    </datafield>
    <datafield tag="245" ind1="1" ind2="0">
      <subfield code="a">Accurate Geograph. Delineation Des Zu Dem Churfürstenth. Sachsen Gehoerigen Neustaedtischen Creisses Und Derer Darinnen Befindlichen Aemter Arnshaugk,Miltenfurt, Weyda Und Ziegenrück</subfield>
      <subfield code="b">Nebst Andern Angrenzenden Gegenden ; Mit Königlich. Und Churfürstl. Saechs. Privil.</subfield>
    </datafield>
    <datafield tag="260" ind1=" " ind2=" ">
      <subfield code="a">Amsterdam</subfield>
      <subfield code="b">Petr. Schenk</subfield>
      <subfield code="c">1757</subfield>
    </datafield>
    <datafield tag="300" ind1=" " ind2=" ">
      <subfield code="a">1 Kt.</subfield>
      <subfield code="b">Grenzen kolor.</subfield>
      <subfield code="c">53 x 45 cm</subfield>
    </datafield>
    <datafield tag="337" ind1=" " ind2=" ">
      <subfield code="a">Karte</subfield>
    </datafield>
    <datafield tag="500" ind1=" " ind2=" ">
      <subfield code="a">Maßstab in graph. Form (gemeine Teutsche Meile). - Titelkartusche oben links. - Maßstab unten links. - Erkl. der Zeichen unten rechts. - Mit 1 Register der Orte, Wälder, Berge u. Gewässer auf d. Plattenrand. - Aus: Atlas Saxonicus Novus ; 38. - Relief: Einzelberge</subfield>
    </datafield>
    <datafield tag="520" ind1="3" ind2="#">
      <subfield code="a">Karte vom Neustädter Kreis mit Wäldern, Straßen etc.</subfield>
    </datafield>
    <datafield tag="650" ind1=" " ind2="4">
      <subfield code="a">Altkarte</subfield>
    </datafield>
    <datafield tag="651" ind1=" " ind2="4">
      <subfield code="a">Deutschland</subfield>
    </datafield>
    <datafield tag="651" ind1=" " ind2="4">
      <subfield code="a">Ostthüringen</subfield>
    </datafield>
    <datafield tag="651" ind1=" " ind2="4">
      <subfield code="a">Neustadt (Orla) (reg.)</subfield>
    </datafield>
    <datafield tag="700" ind1="2" ind2=" ">
      <subfield code="a">Schenk, Pieter (der Jüngere)</subfield>
    </datafield>
    <datafield tag="841" ind1=" " ind2=" ">
      <subfield code="a">em__</subfield>
      <subfield code="b">1757</subfield>
      <subfield code="c">3</subfield>
    </datafield>
    <datafield tag="852" ind1=" " ind2=" ">
      <subfield code="a">DE-185</subfield>
      <subfield code="c">Historische Abteilung</subfield>
      <subfield code="m">HK 0505</subfield>
      <subfield code="t">179421001</subfield>
    </datafield>
    <datafield tag="856" ind1=" " ind2=" ">
      <subfield code="a">https://ifl.wissensbank.com/fastlink.html?search=179421000</subfield>
      <subfield code="3">permalink</subfield>
    </datafield>
    <datafield tag="856" ind1=" " ind2=" ">
      <subfield code="a">https://ifl.wissensbank.com/cgi-bin/starfetch.exe?YZUSDB5uzL67WUAVlvSMV6Nw5sXFc2.CtNifHWMpjPJpVIOVE6ZcyLz3HkzhQ0PY7d2VDX0dK3cVrumllgzyC3sdsFLcBsDKpGisrd8bRSzSjCgoad3DYznNi72CFfm4HJ0kr88EwG7@bdjAxiWAAg/HK505.jpg</subfield>
      <subfield code="3">file</subfield>
    </datafield>
  </record>