
  <record>
    <leader>01250nem  22002893  4500</leader>
    <controlfield tag="001">179422000</controlfield>
    <controlfield tag="003">DE-185</controlfield>
    <controlfield tag="007">ta</controlfield>
    <controlfield tag="008">1757                             i|ger</controlfield>
    <datafield tag="041" ind1=" " ind2=" ">
      <subfield code="a">ger</subfield>
    </datafield>
    <datafield tag="084" ind1=" " ind2=" ">
      <subfield code="a">RA05.01 Deutschland</subfield>
    </datafield>
    <datafield tag="225" ind1=" " ind2=" ">
      <subfield code="c">E 11°25'35"-E 11°56'02"/N 50°34'15"-N 50°16'26"</subfield>
    </datafield>
    <datafield tag="245" ind1="1" ind2="0">
      <subfield code="a">Accurate Delineation Derer Hochgraefl. Reussischen Herrschafften Lobenstein Und Ebersdorff Nebst Der Pflege Hirschberg</subfield>
      <subfield code="b">Mit Allen Darzugehörigen Staedten, Flecken U. Dörfern Auch Andern Angrenzenden Gegenden ; Mit Königl. Und Churfürstl. Saechs. Privilegio</subfield>
    </datafield>
    <datafield tag="260" ind1=" " ind2=" ">
      <subfield code="a">Amsterd.</subfield>
      <subfield code="b">Petrus Schenk</subfield>
      <subfield code="c">1757</subfield>
    </datafield>
    <datafield tag="300" ind1=" " ind2=" ">
      <subfield code="a">1 Kt.</subfield>
      <subfield code="b">Grenzen kolor.</subfield>
      <subfield code="c">44 x 47 cm</subfield>
    </datafield>
    <datafield tag="337" ind1=" " ind2=" ">
      <subfield code="a">Karte</subfield>
    </datafield>
    <datafield tag="500" ind1=" " ind2=" ">
      <subfield code="a">Maßstab in graph. Form (Teutsche Meile). - Titelkartusche oben rechts. - Maßstabskartusche unten rechts. - Erkl. der Zeichen unten links. - Aus: Atlas Saxonicus Novus ; 54. - Mit 1 Register der Orte, Wälder, Berge und Gewässer auf dem Kt.-Feld. - Inselkt. - Mit Suchnetz. - Relief: Einzelberge</subfield>
    </datafield>
    <datafield tag="520" ind1="3" ind2="#">
      <subfield code="a">Karte von dem Gebiet um Lobenstein, Ebersdorf und Hirschberg</subfield>
    </datafield>
    <datafield tag="650" ind1=" " ind2="4">
      <subfield code="a">Altkarte</subfield>
    </datafield>
    <datafield tag="651" ind1=" " ind2="4">
      <subfield code="a">Deutschland</subfield>
    </datafield>
    <datafield tag="651" ind1=" " ind2="4">
      <subfield code="a">Ostthüringen</subfield>
    </datafield>
    <datafield tag="651" ind1=" " ind2="4">
      <subfield code="a">Lobenstein (reg.)</subfield>
    </datafield>
    <datafield tag="700" ind1="2" ind2=" ">
      <subfield code="a">Schenk, Pieter (der Jüngere)</subfield>
    </datafield>
    <datafield tag="841" ind1=" " ind2=" ">
      <subfield code="a">em__</subfield>
      <subfield code="b">1757</subfield>
      <subfield code="c">3</subfield>
    </datafield>
    <datafield tag="852" ind1=" " ind2=" ">
      <subfield code="a">DE-185</subfield>
      <subfield code="c">Historische Abteilung</subfield>
      <subfield code="m">HK 0506</subfield>
      <subfield code="t">179422001</subfield>
    </datafield>
    <datafield tag="856" ind1=" " ind2=" ">
      <subfield code="a">https://ifl.wissensbank.com/fastlink.html?search=179422000</subfield>
      <subfield code="3">permalink</subfield>
    </datafield>
    <datafield tag="856" ind1=" " ind2=" ">
      <subfield code="a">https://ifl.wissensbank.com/cgi-bin/starfetch.exe?JiI8F9B4tWVWJNZbni2Q@VtUT@X1D.AwLO2oFQihteuKOuXcTbaLAzsOkkxMIx6X9WJ8b0xxzZsKJx7vo@WSAcMrnSlCJ5Naj0PFbCGrZeofw4G5xay1OXoYvSaSZLG0oHjh78oU0K6lbcedpMGy.Q/HK506.jpg</subfield>
      <subfield code="3">file</subfield>
    </datafield>
  </record>