
  <record>
    <leader>01250nem  22002893  4500</leader>
    <controlfield tag="001">179426000</controlfield>
    <controlfield tag="003">DE-185</controlfield>
    <controlfield tag="007">ta</controlfield>
    <controlfield tag="008">1815                             i|ger</controlfield>
    <datafield tag="041" ind1=" " ind2=" ">
      <subfield code="a">ger</subfield>
    </datafield>
    <datafield tag="084" ind1=" " ind2=" ">
      <subfield code="a">RA05.01 Deutschland</subfield>
    </datafield>
    <datafield tag="225" ind1=" " ind2=" ">
      <subfield code="c">E 11°47'00"-E 15°00'00"/N 51°37'00"-N 50°03'00"</subfield>
    </datafield>
    <datafield tag="245" ind1="1" ind2="0">
      <subfield code="a">Karte vom Koenigreiche Sachsen</subfield>
      <subfield code="b">mit moeglichst vollstaendiger Angabe seiner topographisch aufgenommenen Grenzen nicht nur nach dem Friedensschlusse zu Wien vom 18ten May 1815 sondern auch nach der neuesten zwischen den K. S. und K. P. Hoefen getroffenen Uebereinkunft</subfield>
      <subfield code="c">vom K. S. Hauptm. C. Becker</subfield>
    </datafield>
    <datafield tag="260" ind1=" " ind2=" ">
      <subfield code="a">Dresden</subfield>
      <subfield code="b">Arnoldische Buchhandlung</subfield>
      <subfield code="c">[nach 1815]</subfield>
    </datafield>
    <datafield tag="300" ind1=" " ind2=" ">
      <subfield code="a">1 Kt.</subfield>
      <subfield code="b">Grenzen kolor.</subfield>
      <subfield code="c">53 x 40 cm</subfield>
    </datafield>
    <datafield tag="337" ind1=" " ind2=" ">
      <subfield code="a">Karte</subfield>
    </datafield>
    <datafield tag="500" ind1=" " ind2=" ">
      <subfield code="a">Maßstab in graph. Form (Geographische Meilen, Sächsische Meilen). - Titel und Maßstab unten rechts. - Ohne Kt.-Netz. - Relief: Waldflächen stilisiert</subfield>
    </datafield>
    <datafield tag="520" ind1="3" ind2="#">
      <subfield code="a">Karte vom Königreich Sachsen mit Straßen, Wäldern etc.</subfield>
    </datafield>
    <datafield tag="650" ind1=" " ind2="4">
      <subfield code="a">Altkarte</subfield>
    </datafield>
    <datafield tag="651" ind1=" " ind2="4">
      <subfield code="a">Deutschland</subfield>
    </datafield>
    <datafield tag="651" ind1=" " ind2="4">
      <subfield code="a">Sachsen</subfield>
    </datafield>
    <datafield tag="700" ind1="2" ind2=" ">
      <subfield code="a">Becker, Karl A.</subfield>
    </datafield>
    <datafield tag="700" ind1="2" ind2=" ">
      <subfield code="a">Arnold, Christof</subfield>
    </datafield>
    <datafield tag="841" ind1=" " ind2=" ">
      <subfield code="a">em__</subfield>
      <subfield code="b">1815</subfield>
      <subfield code="c">3</subfield>
    </datafield>
    <datafield tag="852" ind1=" " ind2=" ">
      <subfield code="a">DE-185</subfield>
      <subfield code="c">Historische Abteilung</subfield>
      <subfield code="m">HK 0510</subfield>
      <subfield code="t">179426001</subfield>
    </datafield>
    <datafield tag="856" ind1=" " ind2=" ">
      <subfield code="a">https://ifl.wissensbank.com/fastlink.html?search=179426000</subfield>
      <subfield code="3">permalink</subfield>
    </datafield>
    <datafield tag="856" ind1=" " ind2=" ">
      <subfield code="a">https://ifl.wissensbank.com/cgi-bin/starfetch.exe?hbu.XPxD9CDWp9B@n8EQnWI6qNBHWV0f.golaCqEeUI4Iolw7U4XsaDhn8cuUHmvlUn84lVXN30.14JcxCWC2Y9@QiMY7V@DfkDXMkFk.jrGiyWQcX45BHDc.HiPUiuKm1k5BgycXBIwLtLpNIj.@g/HK%200510.jpg</subfield>
      <subfield code="3">file</subfield>
    </datafield>
  </record>