
  <record>
    <leader>01250nem  22002893  4500</leader>
    <controlfield tag="001">179434000</controlfield>
    <controlfield tag="003">DE-185</controlfield>
    <controlfield tag="007">ta</controlfield>
    <controlfield tag="008">1810                             i|ger</controlfield>
    <datafield tag="041" ind1=" " ind2=" ">
      <subfield code="a">ger</subfield>
    </datafield>
    <datafield tag="084" ind1=" " ind2=" ">
      <subfield code="a">RA05.01 Deutschland</subfield>
    </datafield>
    <datafield tag="225" ind1=" " ind2=" ">
      <subfield code="c">E 10°17'00"-E 15°28'00"/N 52°31'00"-N 50°09'00"</subfield>
    </datafield>
    <datafield tag="245" ind1="1" ind2="0">
      <subfield code="a">Schulkarte des Koenigreichs Sachsen</subfield>
      <subfield code="c">entworfen Zum Gebrauch der Engelhardtschen Erdbeschreibung von W. E. A. v. Schlieben, Königl. Sächs. Lieut. u. Oberlandfeldm. C. Keyl sc[ulpsit] D.</subfield>
    </datafield>
    <datafield tag="260" ind1=" " ind2=" ">
      <subfield code="a">Dresden</subfield>
      <subfield code="b">W. E. A. v. Schlieben u. K. A. Engelhardt</subfield>
      <subfield code="c">1810</subfield>
    </datafield>
    <datafield tag="300" ind1=" " ind2=" ">
      <subfield code="a">1 Kt.</subfield>
      <subfield code="b">Grenzen kolor.</subfield>
      <subfield code="c">58 x 44 cm</subfield>
    </datafield>
    <datafield tag="337" ind1=" " ind2=" ">
      <subfield code="a">Karte</subfield>
    </datafield>
    <datafield tag="500" ind1=" " ind2=" ">
      <subfield code="a">Reprint im Atlas zur Geschichte und Landeskunde von Sachsen (At 035 gr - H,14). - Maßstab in graph. Form (Geographische oder deutsche Meile, Königl. Sächs. Polizeymeile). - Titel unten rechts. - Maßstab und Abkürzungsverz. oben rechts. - Erkl. der Farben oben links. - Funktionszeichen unten links. - Nullmeridian: Ferro. - Relief: Schraffen</subfield>
    </datafield>
    <datafield tag="520" ind1="3" ind2="#">
      <subfield code="a">Schulkarte des Königreichs Sachsen</subfield>
    </datafield>
    <datafield tag="650" ind1=" " ind2="4">
      <subfield code="a">Altkarte</subfield>
    </datafield>
    <datafield tag="650" ind1=" " ind2="4">
      <subfield code="a">Schulkartographie</subfield>
    </datafield>
    <datafield tag="651" ind1=" " ind2="4">
      <subfield code="a">Deutschland</subfield>
    </datafield>
    <datafield tag="651" ind1=" " ind2="4">
      <subfield code="a">Sachsen</subfield>
    </datafield>
    <datafield tag="700" ind1="2" ind2=" ">
      <subfield code="a">Engelhardt, Karl August</subfield>
    </datafield>
    <datafield tag="700" ind1="2" ind2=" ">
      <subfield code="a">Schlieben, Wilhelm Ernst August von</subfield>
    </datafield>
    <datafield tag="700" ind1="2" ind2=" ">
      <subfield code="a">Keyl, Christian Karl Maximilian</subfield>
    </datafield>
    <datafield tag="841" ind1=" " ind2=" ">
      <subfield code="a">em__</subfield>
      <subfield code="b">1810</subfield>
      <subfield code="c">3</subfield>
    </datafield>
    <datafield tag="852" ind1=" " ind2=" ">
      <subfield code="a">DE-185</subfield>
      <subfield code="c">Historische Abteilung</subfield>
      <subfield code="m">HK 0519</subfield>
      <subfield code="t">179434001</subfield>
    </datafield>
    <datafield tag="856" ind1=" " ind2=" ">
      <subfield code="a">https://ifl.wissensbank.com/fastlink.html?search=179434000</subfield>
      <subfield code="3">permalink</subfield>
    </datafield>
    <datafield tag="856" ind1=" " ind2=" ">
      <subfield code="a">https://ifl.wissensbank.com/cgi-bin/starfetch.exe?c83aP@jnsJ7HSBCgR19HzxDmUSn9k1EXkzfQiZI6gq@jUe8oprkxaXXc2vfwXnqFCkSJ0YZnT6V6V1b7ofRkLC@l3TjMeuUuH0qzHvgmNmACWStNo7qguYOR8.KT.dhZpNUsDnW3RK6y5NRydDNTpQ/HK519.jpg</subfield>
      <subfield code="3">file</subfield>
    </datafield>
  </record>