
  <record>
    <leader>01250nem  22002893  4500</leader>
    <controlfield tag="001">179435000</controlfield>
    <controlfield tag="003">DE-185</controlfield>
    <controlfield tag="007">ta</controlfield>
    <controlfield tag="008">1845                             i|ger</controlfield>
    <datafield tag="041" ind1=" " ind2=" ">
      <subfield code="a">ger</subfield>
    </datafield>
    <datafield tag="084" ind1=" " ind2=" ">
      <subfield code="a">RA05.05 Historische deutsche Gebiete</subfield>
    </datafield>
    <datafield tag="225" ind1=" " ind2=" ">
      <subfield code="c">E 6°21'51"-E 7°04'34"/N 47°11'43"-N 46°46'05"</subfield>
    </datafield>
    <datafield tag="245" ind1="1" ind2="0">
      <subfield code="a">Atlas von dem Preussischen Staate [Titelblatt]</subfield>
      <subfield code="b">in sieben und dreissig Blättern mit geographischen statistischen und chronologischen Uebersichten</subfield>
      <subfield code="c">Steindr. v. Aug. Kneisel in Leipzig</subfield>
    </datafield>
    <datafield tag="260" ind1=" " ind2=" ">
      <subfield code="a">Erfurt</subfield>
      <subfield code="b">J. C. Müller'sche Buchhandlung</subfield>
      <subfield code="c">1845</subfield>
    </datafield>
    <datafield tag="300" ind1=" " ind2=" ">
      <subfield code="a">1 Bl.</subfield>
      <subfield code="b">Grenzen</subfield>
      <subfield code="c">35 x 46 cm</subfield>
    </datafield>
    <datafield tag="337" ind1=" " ind2=" ">
      <subfield code="a">Karte</subfield>
    </datafield>
    <datafield tag="500" ind1=" " ind2=" ">
      <subfield code="a">Titelblatt des Atlasses. - Mit 1 Kt.: Fürstenthum Neuchatel. - Maßstab der Kt. in graph. Form (geogr. Meilen). - Relief: Schraffen. - 3 weitere Bl. des Atlasses vorh.: HK 521, HK 522, HK 523</subfield>
    </datafield>
    <datafield tag="520" ind1="3" ind2="#">
      <subfield code="a">Titelblatt des 'Atlas von dem Preussischen Staate' mit einer Kt. des Fürstentum Neuchâtel</subfield>
    </datafield>
    <datafield tag="650" ind1=" " ind2="4">
      <subfield code="a">Altkarte</subfield>
    </datafield>
    <datafield tag="650" ind1=" " ind2="4">
      <subfield code="a">Atlas</subfield>
    </datafield>
    <datafield tag="651" ind1=" " ind2="4">
      <subfield code="a">Preußen</subfield>
    </datafield>
    <datafield tag="700" ind1="2" ind2=" ">
      <subfield code="a">Kneisel, August</subfield>
    </datafield>
    <datafield tag="700" ind1="2" ind2=" ">
      <subfield code="a">Müller, Johann Christoph</subfield>
    </datafield>
    <datafield tag="841" ind1=" " ind2=" ">
      <subfield code="a">em__</subfield>
      <subfield code="b">1845</subfield>
      <subfield code="c">3</subfield>
    </datafield>
    <datafield tag="852" ind1=" " ind2=" ">
      <subfield code="a">DE-185</subfield>
      <subfield code="c">Historische Abteilung</subfield>
      <subfield code="m">HK 0520</subfield>
      <subfield code="t">179435001</subfield>
    </datafield>
    <datafield tag="856" ind1=" " ind2=" ">
      <subfield code="a">https://ifl.wissensbank.com/fastlink.html?search=179435000</subfield>
      <subfield code="3">permalink</subfield>
    </datafield>
    <datafield tag="856" ind1=" " ind2=" ">
      <subfield code="a">https://ifl.wissensbank.com/cgi-bin/starfetch.exe?pv5Daz.sxjn@Qo9ZanLzJJEQSAcX6zAXEGWPuw4aADkuZFE48kDngIYYGQACw2ew4ZwD2fl3BCxEb3Liohz2pJSoVkVeOSinxpQve7JN9U.2ZQ1jYU0OP3v7yOwRi@2yfN@OCGdLs4rYfx1CHdMWsQ/HK%200520.jpg</subfield>
      <subfield code="3">file</subfield>
    </datafield>
  </record>