
  <record>
    <leader>01250nem  22002893  4500</leader>
    <controlfield tag="001">179436000</controlfield>
    <controlfield tag="003">DE-185</controlfield>
    <controlfield tag="007">ta</controlfield>
    <controlfield tag="008">1845                             i|ger</controlfield>
    <datafield tag="041" ind1=" " ind2=" ">
      <subfield code="a">ger</subfield>
    </datafield>
    <datafield tag="084" ind1=" " ind2=" ">
      <subfield code="a">RA05.01 Deutschland</subfield>
    </datafield>
    <datafield tag="225" ind1=" " ind2=" ">
      <subfield code="c">E 9°58'00"-E 13°48'00"/N 53°02'00"-N 50°23'00"</subfield>
    </datafield>
    <datafield tag="245" ind1="1" ind2="0">
      <subfield code="a">Die Provinz Sachsen in ihrer reinen Begrenzung und der Beschaffenheit ihrer Bodenfläche</subfield>
      <subfield code="c">Steindr. von C. A. Eyraud in Neuhaldensleben</subfield>
    </datafield>
    <datafield tag="260" ind1=" " ind2=" ">
      <subfield code="a">Erfurt</subfield>
      <subfield code="b">J. C. Müller'sche Buchhandlung</subfield>
      <subfield code="c">[1845]</subfield>
    </datafield>
    <datafield tag="300" ind1=" " ind2=" ">
      <subfield code="a">1 Kt.</subfield>
      <subfield code="b">Grenzen kolor.</subfield>
      <subfield code="c">46 x 38 cm</subfield>
    </datafield>
    <datafield tag="337" ind1=" " ind2=" ">
      <subfield code="a">Karte</subfield>
    </datafield>
    <datafield tag="500" ind1=" " ind2=" ">
      <subfield code="a">Aus: Atlas von dem Preussischen Staate. - Maßstab in graph. Form (geographische Meilen). - Titel oben links. - Maßstab, Erkl. der Farben, Signaturen und Geognostische Notizen unten rechts. - Erkl. der Schrift oben rechts. - Geographisch-statistische Nachrichten unten links. - Mit 1 geographischen statistischen Übersicht der Provinz Sachsen an den Randleisten. - Relief: Schraffen</subfield>
    </datafield>
    <datafield tag="520" ind1="3" ind2="#">
      <subfield code="a">Verwaltungskarte von der Provinz Sachsen</subfield>
    </datafield>
    <datafield tag="650" ind1=" " ind2="4">
      <subfield code="a">Altkarte</subfield>
    </datafield>
    <datafield tag="650" ind1=" " ind2="4">
      <subfield code="a">Verwaltungskarte</subfield>
    </datafield>
    <datafield tag="651" ind1=" " ind2="4">
      <subfield code="a">Deutschland</subfield>
    </datafield>
    <datafield tag="651" ind1=" " ind2="4">
      <subfield code="a">Sachsen (Provinz)</subfield>
    </datafield>
    <datafield tag="700" ind1="2" ind2=" ">
      <subfield code="a">Eyraud, C. A.</subfield>
    </datafield>
    <datafield tag="700" ind1="2" ind2=" ">
      <subfield code="a">Müller, Johann Christoph</subfield>
    </datafield>
    <datafield tag="841" ind1=" " ind2=" ">
      <subfield code="a">em__</subfield>
      <subfield code="b">1845</subfield>
      <subfield code="c">3</subfield>
    </datafield>
    <datafield tag="852" ind1=" " ind2=" ">
      <subfield code="a">DE-185</subfield>
      <subfield code="c">Historische Abteilung</subfield>
      <subfield code="m">HK 0521</subfield>
      <subfield code="t">179436001</subfield>
    </datafield>
    <datafield tag="856" ind1=" " ind2=" ">
      <subfield code="a">https://ifl.wissensbank.com/fastlink.html?search=179436000</subfield>
      <subfield code="3">permalink</subfield>
    </datafield>
    <datafield tag="856" ind1=" " ind2=" ">
      <subfield code="a">https://ifl.wissensbank.com/cgi-bin/starfetch.exe?yzMSm2YBDvO1u9eFLWC@e.3zyaNEHmYoBPoZtJE.T749N1qt3w8IyR7zkcXbXjCviXk2BjP7ky2MJlrrgjeGm2Ek.CFVyMW91qK0XpylLrVWaHGm.ps@U1MSSlzUmfJpnIrwZEIM5sQFrNSVvqX4BA/HK%200521.jpg</subfield>
      <subfield code="3">file</subfield>
    </datafield>
  </record>