
  <record>
    <leader>01250nem  22002893  4500</leader>
    <controlfield tag="001">179437000</controlfield>
    <controlfield tag="003">DE-185</controlfield>
    <controlfield tag="007">ta</controlfield>
    <controlfield tag="008">1845                             i|ger</controlfield>
    <datafield tag="041" ind1=" " ind2=" ">
      <subfield code="a">ger</subfield>
    </datafield>
    <datafield tag="084" ind1=" " ind2=" ">
      <subfield code="a">RA05.05 Historische deutsche Gebiete</subfield>
    </datafield>
    <datafield tag="225" ind1=" " ind2=" ">
      <subfield code="c">E 19°58'00"-E 23°00'00"/N 55°27'00"-N 53°29'00"</subfield>
    </datafield>
    <datafield tag="245" ind1="1" ind2="0">
      <subfield code="a">Charte vom Königlich Preussischen Regierungsbezirk Gumbinnen</subfield>
      <subfield code="b">nach seiner Eintheilung in 16 Kreise</subfield>
      <subfield code="c">Steindr. v. A. Kneisel, Leipzig</subfield>
    </datafield>
    <datafield tag="260" ind1=" " ind2=" ">
      <subfield code="a">Erfurt</subfield>
      <subfield code="b">J. C. Müller'sche Buchhandlung</subfield>
      <subfield code="c">[1845]</subfield>
    </datafield>
    <datafield tag="300" ind1=" " ind2=" ">
      <subfield code="a">1 Kt.</subfield>
      <subfield code="b">Grenzen kolor.</subfield>
      <subfield code="c">34 x 38 cm</subfield>
    </datafield>
    <datafield tag="337" ind1=" " ind2=" ">
      <subfield code="a">Karte</subfield>
    </datafield>
    <datafield tag="500" ind1=" " ind2=" ">
      <subfield code="a">Aus: Atlas von dem Preussischen Staate. - Maßstab in graph. Form (Geographische Meilen). - Titel, Erkl. der Zeichen und Maßstab unten links. - Mit 1 geographischen und statistischen Übersicht des Regierungsbezirks Gumbinnen an den Randleisten. - Relief: Schraffen</subfield>
    </datafield>
    <datafield tag="520" ind1="3" ind2="#">
      <subfield code="a">Kreiskarte vom Regierungsbezirk Gumbinnen</subfield>
    </datafield>
    <datafield tag="650" ind1=" " ind2="4">
      <subfield code="a">Altkarte</subfield>
    </datafield>
    <datafield tag="650" ind1=" " ind2="4">
      <subfield code="a">Kreiskarte</subfield>
    </datafield>
    <datafield tag="650" ind1=" " ind2="4">
      <subfield code="a">Regierungsbezirk</subfield>
    </datafield>
    <datafield tag="651" ind1=" " ind2="4">
      <subfield code="a">Ostpreußen</subfield>
    </datafield>
    <datafield tag="651" ind1=" " ind2="4">
      <subfield code="a">Gumbinnen (Regierungsbezirk)</subfield>
    </datafield>
    <datafield tag="700" ind1="2" ind2=" ">
      <subfield code="a">Kneisel, August</subfield>
    </datafield>
    <datafield tag="700" ind1="2" ind2=" ">
      <subfield code="a">Müller, Johann Christoph</subfield>
    </datafield>
    <datafield tag="841" ind1=" " ind2=" ">
      <subfield code="a">em__</subfield>
      <subfield code="b">1845</subfield>
      <subfield code="c">3</subfield>
    </datafield>
    <datafield tag="852" ind1=" " ind2=" ">
      <subfield code="a">DE-185</subfield>
      <subfield code="c">Historische Abteilung</subfield>
      <subfield code="m">HK 0522</subfield>
      <subfield code="t">179437001</subfield>
    </datafield>
    <datafield tag="856" ind1=" " ind2=" ">
      <subfield code="a">https://ifl.wissensbank.com/fastlink.html?search=179437000</subfield>
      <subfield code="3">permalink</subfield>
    </datafield>
    <datafield tag="856" ind1=" " ind2=" ">
      <subfield code="a">https://ifl.wissensbank.com/cgi-bin/starfetch.exe?DhkmQyh2HyqWu7k8wSTZU7jyqxYBe1X29EtgCsjESp8QiIiSbG73AqIXUmeDyRWu7Lj89USCaG3CcANfyUPFxSRFi7WFVLMv93usb.57VE6jQ@MbhmFwlJVQ21I7HGDVDMmOgF2rOMu6vWuZFq3v1g/HK522.jpg</subfield>
      <subfield code="3">file</subfield>
    </datafield>
  </record>