
  <record>
    <leader>01250nem  22002893  4500</leader>
    <controlfield tag="001">179441000</controlfield>
    <controlfield tag="003">DE-185</controlfield>
    <controlfield tag="007">ta</controlfield>
    <controlfield tag="008">1843                             i|ger</controlfield>
    <datafield tag="041" ind1=" " ind2=" ">
      <subfield code="a">ger</subfield>
    </datafield>
    <datafield tag="084" ind1=" " ind2=" ">
      <subfield code="a">RP Sonstige Ländergruppen/Räume</subfield>
    </datafield>
    <datafield tag="245" ind1="1" ind2="0">
      <subfield code="a">Reisen in Europa, Asien und Afrika [Titelblatt]</subfield>
      <subfield code="b">mit besonderer Rücksicht auf die naturwissenschaftlichen Verhältnisse der betreffenden Länder ; unternommen in den Jahren 1835 bis 1841</subfield>
      <subfield code="c">von Joseph Russegger, k. k. österr. Bergrath und Vizedirektor der k. k. Berg- und Salinen-Direktion zu Hall in Tyrol</subfield>
    </datafield>
    <datafield tag="260" ind1=" " ind2=" ">
      <subfield code="a">Stuttgart</subfield>
      <subfield code="b">E. Schweizerbart'sche Verlagshandlung</subfield>
      <subfield code="c">1843</subfield>
    </datafield>
    <datafield tag="300" ind1=" " ind2=" ">
      <subfield code="a">1 Bl.</subfield>
      <subfield code="b">unkolor.</subfield>
      <subfield code="c">40 x 59 cm</subfield>
    </datafield>
    <datafield tag="337" ind1=" " ind2=" ">
      <subfield code="a">Karte</subfield>
    </datafield>
    <datafield tag="500" ind1=" " ind2=" ">
      <subfield code="a">Titelblatt des Atlasses: Reisen in Europa, Asien und Afrika. - 7 Bl. des Atlasses vorh.: HK 526a - HK 526g</subfield>
    </datafield>
    <datafield tag="520" ind1="3" ind2="#">
      <subfield code="a">Titelblatt des Atlasses 'Reisen in Europa, Asien und Afrika</subfield>
    </datafield>
    <datafield tag="650" ind1=" " ind2="4">
      <subfield code="a">Altkarte</subfield>
    </datafield>
    <datafield tag="651" ind1=" " ind2="4">
      <subfield code="a">Europa</subfield>
    </datafield>
    <datafield tag="651" ind1=" " ind2="4">
      <subfield code="a">Asien</subfield>
    </datafield>
    <datafield tag="651" ind1=" " ind2="4">
      <subfield code="a">Afrika</subfield>
    </datafield>
    <datafield tag="700" ind1="2" ind2=" ">
      <subfield code="a">Russegger, Joseph von</subfield>
    </datafield>
    <datafield tag="700" ind1="2" ind2=" ">
      <subfield code="a">Schweizerbart, Emanuel</subfield>
    </datafield>
    <datafield tag="841" ind1=" " ind2=" ">
      <subfield code="a">em__</subfield>
      <subfield code="b">1843</subfield>
      <subfield code="c">3</subfield>
    </datafield>
    <datafield tag="852" ind1=" " ind2=" ">
      <subfield code="a">DE-185</subfield>
      <subfield code="c">Historische Abteilung</subfield>
      <subfield code="m">HK 0526</subfield>
      <subfield code="t">179441001</subfield>
    </datafield>
    <datafield tag="856" ind1=" " ind2=" ">
      <subfield code="a">https://ifl.wissensbank.com/fastlink.html?search=179441000</subfield>
      <subfield code="3">permalink</subfield>
    </datafield>
    <datafield tag="856" ind1=" " ind2=" ">
      <subfield code="a">https://ifl.wissensbank.com/cgi-bin/starfetch.exe?Ucw5WBr7wvvOOXN5@KLqMGACCv5ZHIXxYupZSyVijgtCeuSicbA@SZjpGUGYIiVjQsH.H08wbVe5bk7pYYMpIqNdGM.gV8ukpMnVkugqZpsNFrbon8RZkBPWHOPuL2GXNJhpARKwumtp7Xjhv3@FEA/HK%200526.jpg</subfield>
      <subfield code="3">file</subfield>
    </datafield>
  </record>