
  <record>
    <leader>01250nem  22002893  4500</leader>
    <controlfield tag="001">179442000</controlfield>
    <controlfield tag="003">DE-185</controlfield>
    <controlfield tag="007">ta</controlfield>
    <controlfield tag="008">1843                             i|ger</controlfield>
    <datafield tag="041" ind1=" " ind2=" ">
      <subfield code="a">ger</subfield>
    </datafield>
    <datafield tag="084" ind1=" " ind2=" ">
      <subfield code="a">RG01.17 Sudan</subfield>
    </datafield>
    <datafield tag="225" ind1=" " ind2=" ">
      <subfield code="c">E 24°38'00"-E 37°31'00"/N 16°23'00"-N 8°12'00"</subfield>
    </datafield>
    <datafield tag="245" ind1="1" ind2="0">
      <subfield code="a">Karte Von Ost Sudan</subfield>
      <subfield code="b">umfassend die Länder Kordofan, Nuba, Sennaar, Roserres, Fassokl und el Pert nebst den angrenzenden Theilen von Dar Fur, Nubien, Abessinien und den Galla Ländern</subfield>
      <subfield code="c">Nach den Bestimmungen des k.k. oesterr. Bergrathes Jos. Russegger und mit Benützung der Angaben der neuesten Reisenden entworfen und ausgeführt von dem k.k. militär. geograph. Institute zu Wien</subfield>
    </datafield>
    <datafield tag="260" ind1=" " ind2=" ">
      <subfield code="a">Stuttgart</subfield>
      <subfield code="b">Verlag der E. Schweizerbart'schen Buchhandlung</subfield>
      <subfield code="c">1843</subfield>
    </datafield>
    <datafield tag="300" ind1=" " ind2=" ">
      <subfield code="a">1 Kt.</subfield>
      <subfield code="b">unkolor.</subfield>
      <subfield code="c">64 x 48 cm</subfield>
    </datafield>
    <datafield tag="337" ind1=" " ind2=" ">
      <subfield code="a">Karte</subfield>
    </datafield>
    <datafield tag="500" ind1=" " ind2=" ">
      <subfield code="a">Aus: Reisen in Europa, Asien und Afrika : Atlas mit besonderer Rücksicht auf die naturwissenschaftlichen Verhältnisse der betreffenden Länder / unternommen in den Jahren 1835 bis 1841, von Joseph Russegger ; 5. - Maßstab in graph. Form (Geographische Meilen, Deutsche Meilen). - Titel oben links. - Maßstab und Zeichenerkl. unten Mitte. - Nullmeridian: Ferro. - Relief: Schraffen, kräfige Höhendarstellung</subfield>
    </datafield>
    <datafield tag="520" ind1="3" ind2="#">
      <subfield code="a">Karte von Ostsudan</subfield>
    </datafield>
    <datafield tag="650" ind1=" " ind2="4">
      <subfield code="a">Altkarte</subfield>
    </datafield>
    <datafield tag="651" ind1=" " ind2="4">
      <subfield code="a">Sudan</subfield>
    </datafield>
    <datafield tag="651" ind1=" " ind2="4">
      <subfield code="a">Kordofan</subfield>
    </datafield>
    <datafield tag="651" ind1=" " ind2="4">
      <subfield code="a">Sudan (Ost)</subfield>
    </datafield>
    <datafield tag="700" ind1="2" ind2=" ">
      <subfield code="a">Schweizerbart, Emanuel</subfield>
    </datafield>
    <datafield tag="700" ind1="2" ind2=" ">
      <subfield code="a">Russegger, Joseph von</subfield>
    </datafield>
    <datafield tag="841" ind1=" " ind2=" ">
      <subfield code="a">em__</subfield>
      <subfield code="b">1843</subfield>
      <subfield code="c">3</subfield>
    </datafield>
    <datafield tag="852" ind1=" " ind2=" ">
      <subfield code="a">DE-185</subfield>
      <subfield code="c">Historische Abteilung</subfield>
      <subfield code="m">HK 0526a</subfield>
      <subfield code="t">179442001</subfield>
    </datafield>
    <datafield tag="856" ind1=" " ind2=" ">
      <subfield code="a">https://ifl.wissensbank.com/fastlink.html?search=179442000</subfield>
      <subfield code="3">permalink</subfield>
    </datafield>
    <datafield tag="856" ind1=" " ind2=" ">
      <subfield code="a">https://ifl.wissensbank.com/cgi-bin/starfetch.exe?tA74UX3uVvElPBh.jvd1dB89I@m2UUnlqvLTshS01zFqaBYf6r4dk8UIuP9jwuc7vLHb6uzWKEoDef0pTgZbJkV14it2PsHJve96CXQPlflbosq95mNhhG7Eed.Nx6.1n5aF9mAZ4XRUdjP03ihPlA/HK526a.jpg</subfield>
      <subfield code="3">file</subfield>
    </datafield>
  </record>