
  <record>
    <leader>01250nem  22002893  4500</leader>
    <controlfield tag="001">179443000</controlfield>
    <controlfield tag="003">DE-185</controlfield>
    <controlfield tag="007">ta</controlfield>
    <controlfield tag="008">1843                             i|ger</controlfield>
    <datafield tag="041" ind1=" " ind2=" ">
      <subfield code="a">ger</subfield>
    </datafield>
    <datafield tag="084" ind1=" " ind2=" ">
      <subfield code="a">RF05.01 Äthiopien</subfield>
    </datafield>
    <datafield tag="084" ind1=" " ind2=" ">
      <subfield code="a">RG01.17 Sudan</subfield>
    </datafield>
    <datafield tag="225" ind1=" " ind2=" ">
      <subfield code="c">E 33°00'00"-E 36°28'00"/N 12°12'00"-N 8°12'00"</subfield>
    </datafield>
    <datafield tag="245" ind1="1" ind2="0">
      <subfield code="a">Karte der Länder am Tumat und blauen Flusse</subfield>
      <subfield code="b">von Meck el Leli in Roserres bis zu den Gallas</subfield>
      <subfield code="c">Nach den Bestimmungen des kais. königl. oesterreichischen Bergrathes Josef Russegger zusammengestellt von dem kais. königlichen milit. geografischen Institute in Wien</subfield>
    </datafield>
    <datafield tag="260" ind1=" " ind2=" ">
      <subfield code="a">Stuttgart</subfield>
      <subfield code="b">Verlag der E. Schweizerbart'schen Buchhandlung</subfield>
      <subfield code="c">1843</subfield>
    </datafield>
    <datafield tag="300" ind1=" " ind2=" ">
      <subfield code="a">4 Kt. auf 1 Bl.</subfield>
      <subfield code="b">unkolor.</subfield>
      <subfield code="c">67 x 53 cm</subfield>
    </datafield>
    <datafield tag="337" ind1=" " ind2=" ">
      <subfield code="a">Karte</subfield>
    </datafield>
    <datafield tag="500" ind1=" " ind2=" ">
      <subfield code="a">Aus: Reisen in Europa, Asien und Afrika : Atlas mit besonderer Rücksicht auf die naturwissenschaftlichen Verhältnisse der betreffenden Länder / unternommen in den Jahren 1835 bis 1841, von Joseph Russegger ; 6. - Maßstab in graph. Form (Geographische Meilen, Deutsche Meilen). Titel oben links. - Nullmeridian: Ferro. - Mit Bergstrichen. - Relief: Schraffen</subfield>
    </datafield>
    <datafield tag="520" ind1="3" ind2="#">
      <subfield code="a">Region um den Blauen Nil</subfield>
    </datafield>
    <datafield tag="650" ind1=" " ind2="4">
      <subfield code="a">Altkarte</subfield>
    </datafield>
    <datafield tag="651" ind1=" " ind2="4">
      <subfield code="a">Äthiopien</subfield>
    </datafield>
    <datafield tag="651" ind1=" " ind2="4">
      <subfield code="a">Sudan</subfield>
    </datafield>
    <datafield tag="651" ind1=" " ind2="4">
      <subfield code="a">Blauer Nil</subfield>
    </datafield>
    <datafield tag="700" ind1="2" ind2=" ">
      <subfield code="a">Schweizerbart, Emanuel</subfield>
    </datafield>
    <datafield tag="700" ind1="2" ind2=" ">
      <subfield code="a">Russegger, Joseph von</subfield>
    </datafield>
    <datafield tag="841" ind1=" " ind2=" ">
      <subfield code="a">em__</subfield>
      <subfield code="b">1843</subfield>
      <subfield code="c">3</subfield>
    </datafield>
    <datafield tag="852" ind1=" " ind2=" ">
      <subfield code="a">DE-185</subfield>
      <subfield code="c">Historische Abteilung</subfield>
      <subfield code="m">HK 0526b</subfield>
      <subfield code="t">179443001</subfield>
    </datafield>
    <datafield tag="856" ind1=" " ind2=" ">
      <subfield code="a">https://ifl.wissensbank.com/fastlink.html?search=179443000</subfield>
      <subfield code="3">permalink</subfield>
    </datafield>
    <datafield tag="856" ind1=" " ind2=" ">
      <subfield code="a">https://ifl.wissensbank.com/cgi-bin/starfetch.exe?YzBGzKqw5EZZCJ9mD40ycPQ.rKAitW8CKK7lTo2ExrN5xBnvIhuwz@YbsY7tkm8Zqf@oIk7MAWr0ZKKMNr2xrWlGmi9PfQIvBDjWvmpyVyoCYGnRgPoMJmsQk1ESFpYF805uOKTwk9@eeHPWL6tqnw/HK526b.jpg</subfield>
      <subfield code="3">file</subfield>
    </datafield>
  </record>