
  <record>
    <leader>01250nem  22002893  4500</leader>
    <controlfield tag="001">179444000</controlfield>
    <controlfield tag="003">DE-185</controlfield>
    <controlfield tag="007">ta</controlfield>
    <controlfield tag="008">1842                             i|ger</controlfield>
    <datafield tag="041" ind1=" " ind2=" ">
      <subfield code="a">ger</subfield>
    </datafield>
    <datafield tag="084" ind1=" " ind2=" ">
      <subfield code="a">RG02.14 Syrien</subfield>
    </datafield>
    <datafield tag="084" ind1=" " ind2=" ">
      <subfield code="a">RG01.14 Tunesien</subfield>
    </datafield>
    <datafield tag="225" ind1=" " ind2=" ">
      <subfield code="c">E 35°06'00"-E 36°56'00"/N 34°37'00"-N 33°16'00"</subfield>
    </datafield>
    <datafield tag="245" ind1="1" ind2="0">
      <subfield code="a">Geognostische Karte des Libanon und Antilibanon in Sirien</subfield>
      <subfield code="c">nach den Bestimmungen des k.k. oesterr. Bergrathes Joseph Russegger und mit Benützung der vorhandenen Quellen entworfen und ausgeführt von dem k.k. militär. geogr. Institute zu Wien</subfield>
    </datafield>
    <datafield tag="260" ind1=" " ind2=" ">
      <subfield code="a">Stuttgart</subfield>
      <subfield code="b">Verlag der E. Schweizerbart'schen Buchhandlung</subfield>
      <subfield code="c">1842</subfield>
    </datafield>
    <datafield tag="300" ind1=" " ind2=" ">
      <subfield code="a">1 Kt.</subfield>
      <subfield code="b">kolor.</subfield>
      <subfield code="c">54 x 52 cm</subfield>
    </datafield>
    <datafield tag="337" ind1=" " ind2=" ">
      <subfield code="a">Karte</subfield>
    </datafield>
    <datafield tag="500" ind1=" " ind2=" ">
      <subfield code="a">Aus: Reisen in Europa, Asien und Afrika : Atlas mit besonderer Rücksicht auf die naturwissenschaftlichen Verhältnisse der betreffenden Länder / unternommen in den Jahren 1835 bis 1841, von Joseph Russegger ; 8. - Maßstab in graph. Form (Deutsche Meilen, Geographische Meilen). - Titel oben links. - Zeichen Erkl. und Farbentafel links Mitte. - Nullmeridian: Ferro. - Mit 1 Nebenkt.: Umgebungen des Dschebel Horeb auf dem Sinai. - Relief: Schraffen</subfield>
    </datafield>
    <datafield tag="520" ind1="3" ind2="#">
      <subfield code="a">Karte von Libanon, Antilibanon und Syrien</subfield>
    </datafield>
    <datafield tag="650" ind1=" " ind2="4">
      <subfield code="a">Altkarte</subfield>
    </datafield>
    <datafield tag="650" ind1=" " ind2="4">
      <subfield code="a">Gebirge</subfield>
    </datafield>
    <datafield tag="651" ind1=" " ind2="4">
      <subfield code="a">Libanon</subfield>
    </datafield>
    <datafield tag="651" ind1=" " ind2="4">
      <subfield code="a">Syrien, Arabische Republik</subfield>
    </datafield>
    <datafield tag="651" ind1=" " ind2="4">
      <subfield code="a">Anti-Libanon</subfield>
    </datafield>
    <datafield tag="651" ind1=" " ind2="4">
      <subfield code="a">Libanon (Gebirge)</subfield>
    </datafield>
    <datafield tag="700" ind1="2" ind2=" ">
      <subfield code="a">Schweizerbart, Emanuel</subfield>
    </datafield>
    <datafield tag="700" ind1="2" ind2=" ">
      <subfield code="a">Russegger, Joseph von</subfield>
    </datafield>
    <datafield tag="841" ind1=" " ind2=" ">
      <subfield code="a">em__</subfield>
      <subfield code="b">1842</subfield>
      <subfield code="c">3</subfield>
    </datafield>
    <datafield tag="852" ind1=" " ind2=" ">
      <subfield code="a">DE-185</subfield>
      <subfield code="c">Historische Abteilung</subfield>
      <subfield code="m">HK 0526c</subfield>
      <subfield code="t">179444001</subfield>
    </datafield>
    <datafield tag="856" ind1=" " ind2=" ">
      <subfield code="a">https://ifl.wissensbank.com/fastlink.html?search=179444000</subfield>
      <subfield code="3">permalink</subfield>
    </datafield>
    <datafield tag="856" ind1=" " ind2=" ">
      <subfield code="a">https://ifl.wissensbank.com/cgi-bin/starfetch.exe?Rb6.tuGxSEi.dcQm@cQKP47.hYorCwuIaa7.sjYHCAf31naTQpqoPkScEMyhoQzRjFZ30ZxF4PSKhqQitWMaJlMFuJ48PpP.u@3ATM21vyGCAi1zdy9EOuPttQbh9kNPY6qwaFwL3NvAVYPeYoOAiw/HK526c.jpg</subfield>
      <subfield code="3">file</subfield>
    </datafield>
  </record>