
  <record>
    <leader>01250nem  22002893  4500</leader>
    <controlfield tag="001">179445000</controlfield>
    <controlfield tag="003">DE-185</controlfield>
    <controlfield tag="007">ta</controlfield>
    <controlfield tag="008">1842                             i|ger</controlfield>
    <datafield tag="041" ind1=" " ind2=" ">
      <subfield code="a">ger</subfield>
    </datafield>
    <datafield tag="084" ind1=" " ind2=" ">
      <subfield code="a">RG01.16 Ägypten</subfield>
    </datafield>
    <datafield tag="225" ind1=" " ind2=" ">
      <subfield code="c">E 27°45'00"-E 35°01'00"/N 32°09'00"-N 24°01'00"</subfield>
    </datafield>
    <datafield tag="245" ind1="1" ind2="0">
      <subfield code="a">Geognostische Karte Von Aegypten</subfield>
      <subfield code="c">nach den Bestimmungen des k.k. Bergrathes Joseph Russegger und nach den vorhandenen Quellen entworfen und ausgeführt von dem k.k. milit. geographischen Institute zu Wien</subfield>
    </datafield>
    <datafield tag="260" ind1=" " ind2=" ">
      <subfield code="a">Stuttgart</subfield>
      <subfield code="b">Verlag der E. Schweizerbart'schen Buchhandlung</subfield>
      <subfield code="c">1842</subfield>
    </datafield>
    <datafield tag="300" ind1=" " ind2=" ">
      <subfield code="a">1 Kt.</subfield>
      <subfield code="b">kolor.</subfield>
      <subfield code="c">48 x 64 cm</subfield>
    </datafield>
    <datafield tag="337" ind1=" " ind2=" ">
      <subfield code="a">Karte</subfield>
    </datafield>
    <datafield tag="500" ind1=" " ind2=" ">
      <subfield code="a">Aus: Reisen in Europa, Asien und Afrika : Atlas mit besonderer Rücksicht auf die naturwissenschaftlichen Verhältnisse der betreffenden Länder / unternommen in den Jahren 1835 bis 1841, von Joseph Russegger ; 10. - Maßstab in graph. Form (Deutsche Meilen, Geographische Meilen). - Titel und Erkl. der Farben oben rechts. - Maßstab unten links. - Relief: Schraffen</subfield>
    </datafield>
    <datafield tag="520" ind1="3" ind2="#">
      <subfield code="a">Karte von Ägypten</subfield>
    </datafield>
    <datafield tag="650" ind1=" " ind2="4">
      <subfield code="a">Altkarte</subfield>
    </datafield>
    <datafield tag="650" ind1=" " ind2="4">
      <subfield code="a">Geologische Karte</subfield>
    </datafield>
    <datafield tag="651" ind1=" " ind2="4">
      <subfield code="a">Ägypten</subfield>
    </datafield>
    <datafield tag="700" ind1="2" ind2=" ">
      <subfield code="a">Schweizerbart, Emanuel</subfield>
    </datafield>
    <datafield tag="700" ind1="2" ind2=" ">
      <subfield code="a">Russegger, Joseph von</subfield>
    </datafield>
    <datafield tag="841" ind1=" " ind2=" ">
      <subfield code="a">em__</subfield>
      <subfield code="b">1842</subfield>
      <subfield code="c">3</subfield>
    </datafield>
    <datafield tag="852" ind1=" " ind2=" ">
      <subfield code="a">DE-185</subfield>
      <subfield code="c">Historische Abteilung</subfield>
      <subfield code="m">HK 0526d</subfield>
      <subfield code="t">179445001</subfield>
    </datafield>
    <datafield tag="856" ind1=" " ind2=" ">
      <subfield code="a">https://ifl.wissensbank.com/fastlink.html?search=179445000</subfield>
      <subfield code="3">permalink</subfield>
    </datafield>
  </record>