
  <record>
    <leader>01250nem  22002893  4500</leader>
    <controlfield tag="001">179446000</controlfield>
    <controlfield tag="003">DE-185</controlfield>
    <controlfield tag="007">ta</controlfield>
    <controlfield tag="008">1842                             i|ger</controlfield>
    <datafield tag="041" ind1=" " ind2=" ">
      <subfield code="a">ger</subfield>
    </datafield>
    <datafield tag="084" ind1=" " ind2=" ">
      <subfield code="a">RA06.06 Türkei</subfield>
    </datafield>
    <datafield tag="084" ind1=" " ind2=" ">
      <subfield code="a">RG01.14 Tunesien</subfield>
    </datafield>
    <datafield tag="225" ind1=" " ind2=" ">
      <subfield code="c">E 34°12'00"-E 37°34'00"/N 38°25'00"-N 35°39'00"</subfield>
    </datafield>
    <datafield tag="245" ind1="1" ind2="0">
      <subfield code="a">Karte Des Taurus und seiner Nebenzweige in den Paschaliken Adana und Marasch, nebst dem angrenzenden Theile des Paschalikes von Aleppo</subfield>
      <subfield code="c">Nach den Bestimmungen des K.K. Bergrathes Joseph Russegger und mit Benützung der neuesten Quellen im K.K. militärisch-geographischen Institute zu Wien zusammengesetzt</subfield>
    </datafield>
    <datafield tag="260" ind1=" " ind2=" ">
      <subfield code="a">[Stuttgart]</subfield>
      <subfield code="b">[Verlag der E. Schweizerbart'schen Buchhandlung]</subfield>
      <subfield code="c">1842</subfield>
    </datafield>
    <datafield tag="300" ind1=" " ind2=" ">
      <subfield code="a">1 Kt.</subfield>
      <subfield code="b">unkolor.</subfield>
      <subfield code="c">47 x 58 cm</subfield>
    </datafield>
    <datafield tag="337" ind1=" " ind2=" ">
      <subfield code="a">Karte</subfield>
    </datafield>
    <datafield tag="500" ind1=" " ind2=" ">
      <subfield code="a">Aus: Reisen in Europa, Asien und Afrika : Atlas mit besonderer Rücksicht auf die naturwissenschaftlichen Verhältnisse der betreffenden Länder / unternommen in den Jahren 1835 bis 1841, von Joseph Russegger ; 2. - Maßstab in graph. Form (Geographische Meilen, Französische Lieues). - Titel unten links. - Maßstab unten rechts. - Relief: Schraffen</subfield>
    </datafield>
    <datafield tag="520" ind1="3" ind2="#">
      <subfield code="a">Karte von Nordwest-Syrien mit dem äußeren Osttaurus</subfield>
    </datafield>
    <datafield tag="650" ind1=" " ind2="4">
      <subfield code="a">Altkarte</subfield>
    </datafield>
    <datafield tag="651" ind1=" " ind2="4">
      <subfield code="a">Türkei</subfield>
    </datafield>
    <datafield tag="651" ind1=" " ind2="4">
      <subfield code="a">Syrien, Arabische Republik</subfield>
    </datafield>
    <datafield tag="651" ind1=" " ind2="4">
      <subfield code="a">Taurus</subfield>
    </datafield>
    <datafield tag="700" ind1="2" ind2=" ">
      <subfield code="a">Schweizerbart, Emanuel</subfield>
    </datafield>
    <datafield tag="700" ind1="2" ind2=" ">
      <subfield code="a">Russegger, Joseph von</subfield>
    </datafield>
    <datafield tag="841" ind1=" " ind2=" ">
      <subfield code="a">em__</subfield>
      <subfield code="b">1842</subfield>
      <subfield code="c">3</subfield>
    </datafield>
    <datafield tag="852" ind1=" " ind2=" ">
      <subfield code="a">DE-185</subfield>
      <subfield code="c">Historische Abteilung</subfield>
      <subfield code="m">HK 0526e</subfield>
      <subfield code="t">179446001</subfield>
    </datafield>
    <datafield tag="856" ind1=" " ind2=" ">
      <subfield code="a">https://ifl.wissensbank.com/fastlink.html?search=179446000</subfield>
      <subfield code="3">permalink</subfield>
    </datafield>
    <datafield tag="856" ind1=" " ind2=" ">
      <subfield code="a">https://ifl.wissensbank.com/cgi-bin/starfetch.exe?S9L7fixlf5v8IfHJM0wK.gDWUv68rngHiI3YeoZQmaEq@AVL1uHeUMyFCVPVDBvLpYDHcz0wMYRahAzmMfFTVzRgfrSa6R@Ml@RJOyn.UUTCDXlwBxTGA1xdbK1aq9MTLHj.y.R..5Vo2EZ8lth9gQ/HK526e.jpg</subfield>
      <subfield code="3">file</subfield>
    </datafield>
  </record>