
  <record>
    <leader>01250nem  22002893  4500</leader>
    <controlfield tag="001">179448000</controlfield>
    <controlfield tag="003">DE-185</controlfield>
    <controlfield tag="007">ta</controlfield>
    <controlfield tag="008">1844                             i|ger</controlfield>
    <datafield tag="041" ind1=" " ind2=" ">
      <subfield code="a">ger</subfield>
    </datafield>
    <datafield tag="084" ind1=" " ind2=" ">
      <subfield code="a">RG02 Arabischer Osten/Israel</subfield>
    </datafield>
    <datafield tag="225" ind1=" " ind2=" ">
      <subfield code="c">E 32°17'00"-E 36°01'00"/N 32°07'00"-N 27°07'00"</subfield>
    </datafield>
    <datafield tag="245" ind1="1" ind2="0">
      <subfield code="a">Karte des peträischen Arabien und des Südlichen Theiles Von Sirien</subfield>
      <subfield code="c">nach den Bestimmungen des k.k. oestr. Bergrathes Joseph Russegger und mit Benützung der neuesten Quellen entworfen und ausgeführt von dem k.k. militärischen geographischen Institute in Wien</subfield>
    </datafield>
    <datafield tag="260" ind1=" " ind2=" ">
      <subfield code="a">Stuttgart</subfield>
      <subfield code="b">Verlag der E. Schweizerbart'schen Buchhandlung</subfield>
      <subfield code="c">1844</subfield>
    </datafield>
    <datafield tag="300" ind1=" " ind2=" ">
      <subfield code="a">1 Kt.</subfield>
      <subfield code="b">unkolor.</subfield>
      <subfield code="c">46 x 65 cm</subfield>
    </datafield>
    <datafield tag="337" ind1=" " ind2=" ">
      <subfield code="a">Karte</subfield>
    </datafield>
    <datafield tag="500" ind1=" " ind2=" ">
      <subfield code="a">Aus: Reisen in Europa, Asien und Afrika : Atlas mit besonderer Rücksicht auf die naturwissenschaftlichen Verhältnisse der betreffenden Länder / unternommen in den Jahren 1835 bis 1841, von Joseph Russegger ; 3. - Maßstab in graph. Form (Karawanen Stunden, Geographische Meilen). - Titel oben links. - Maßstab unten links. - Relief: Schraffen</subfield>
    </datafield>
    <datafield tag="520" ind1="3" ind2="#">
      <subfield code="a">Karte der Halbinsel Sinai</subfield>
    </datafield>
    <datafield tag="650" ind1=" " ind2="4">
      <subfield code="a">Altkarte</subfield>
    </datafield>
    <datafield tag="651" ind1=" " ind2="4">
      <subfield code="a">Israel</subfield>
    </datafield>
    <datafield tag="651" ind1=" " ind2="4">
      <subfield code="a">Sinai-Halbinsel</subfield>
    </datafield>
    <datafield tag="651" ind1=" " ind2="4">
      <subfield code="a">Arabischer Osten</subfield>
    </datafield>
    <datafield tag="653" ind1="1" ind2=" ">
      <subfield code="a">Osten</subfield>
    </datafield>
    <datafield tag="700" ind1="2" ind2=" ">
      <subfield code="a">Schweizerbart, Emanuel</subfield>
    </datafield>
    <datafield tag="700" ind1="2" ind2=" ">
      <subfield code="a">Russegger, Joseph von</subfield>
    </datafield>
    <datafield tag="841" ind1=" " ind2=" ">
      <subfield code="a">em__</subfield>
      <subfield code="b">1844</subfield>
      <subfield code="c">3</subfield>
    </datafield>
    <datafield tag="852" ind1=" " ind2=" ">
      <subfield code="a">DE-185</subfield>
      <subfield code="c">Historische Abteilung</subfield>
      <subfield code="m">HK 0526g</subfield>
      <subfield code="t">179448001</subfield>
    </datafield>
    <datafield tag="856" ind1=" " ind2=" ">
      <subfield code="a">https://ifl.wissensbank.com/fastlink.html?search=179448000</subfield>
      <subfield code="3">permalink</subfield>
    </datafield>
    <datafield tag="856" ind1=" " ind2=" ">
      <subfield code="a">https://ifl.wissensbank.com/cgi-bin/starfetch.exe?F0TfYa4jwv3MM5qM1VqY55bXOzvEFu9QH2QKlG2Wt2ubTQRl3wBnmWcIHl.3DnX2FJ0kgkYYvuRVmjWx@XZTVlNxsRVbGBq3iOLnNqnK@I@S3GsB.JqRwhUfCfsRUku24e8mJzc33JLm6yBZrDxL2A/HK526g.jpg</subfield>
      <subfield code="3">file</subfield>
    </datafield>
  </record>
  <record>
    <leader>01250nem  22002893  4500</leader>
    <controlfield tag="001">179449000</controlfield>
    <controlfield tag="003">DE-185</controlfield>
    <controlfield tag="007">ta</controlfield>
    <controlfield tag="008">1805                             i|ger</controlfield>
    <datafield tag="041" ind1=" " ind2=" ">
      <subfield code="a">ger</subfield>
    </datafield>
    <datafield tag="084" ind1=" " ind2=" ">
      <subfield code="a">RA05.01 Deutschland</subfield>
    </datafield>
    <datafield tag="225" ind1=" " ind2=" ">
      <subfield code="c">E 12°53'00"-E 13°37'01"/N 51°11'57"-N 50°48'29"</subfield>
    </datafield>
    <datafield tag="245" ind1="1" ind2="0">
      <subfield code="a">Situationscharte von einem Theile des Churfürstenthums Sachsen, der Ober-Nieder-Lausitz und Schlesiens</subfield>
      <subfield code="b">nebst denen Stellungen, Bataillen und Gefechten, die zwischen den kaiserl. kön. und königl. preussischen Arméen, besonders in den letzten Jahren des siebenjährigen Krieges, in diesen Gegenden vorgefallen sind</subfield>
      <subfield code="c">Sekt. 1:] gez. v. Hauptm. F. H. Backenberg. Gestochen von C. Keyl dem jüngern. [Sekt. 2:] Gez. von F. H. Backenberg Hauptm. Gest. von C. C. M. Keyl in Dresd. [Sekt. 5:] H. Backenberg del. Bach sc. Dresd. [Sekt. 6:] Aufgetr. u. gez. v. H. Backenberg. Bach sc. Dres. [Sekt. 8:] Aufgetragen und gezeig. von Hauptm. Backenberg. Bach sc. Dresden 1804. [Sekt. 9:] Aufgetragen und gez. v. H. Backenberg. Bach sc. Dr. [Sekt. 10:] Aufgetra. u. gez. v. Hauptm. Backenberg. Bach gest. in Dresden 1805</subfield>
    </datafield>
    <datafield tag="260" ind1=" " ind2=" ">
      <subfield code="a">[Dresden]</subfield>
      <subfield code="c">[zwischen 1805 u. 1811]</subfield>
    </datafield>
    <datafield tag="300" ind1=" " ind2=" ">
      <subfield code="a">1 Kt. auf 10 Bl. + 11 S. Erl.</subfield>
      <subfield code="b">unkolor.</subfield>
      <subfield code="c">Gesamtgr. 345 x 106 cm, je Teil ca. 69 x 53 cm</subfield>
    </datafield>
    <datafield tag="337" ind1=" " ind2=" ">
      <subfield code="a">Karte</subfield>
    </datafield>
    <datafield tag="500" ind1=" " ind2=" ">
      <subfield code="a">Maßstab in graph. Form (Sächs. geogr. Meile, Geogra. Meile). - Titel links unten (HK 527). - Ohne Kt.-Netz. - Mit 8 Nebenkt.: Plan von der Bataille bey Freyberg d. 29ten Octbr. 1762. 2ter u. 3ter Angriff des Königs und Ang. des Gen. Ziethen auf Siptitz u.a. - Mit 1 Index der Bl. u. 1 Schema der Truppenaufstellung. - Anordnung der Kt. s. HK 533. - Relief: Schraffen</subfield>
    </datafield>
    <datafield tag="520" ind1="3" ind2="#">
      <subfield code="a">Militärkarte des Kurfürstentums Sachsen, der Ober- und Niederlausitz und von Schlesien</subfield>
    </datafield>
    <datafield tag="650" ind1=" " ind2="4">
      <subfield code="a">Altkarte</subfield>
    </datafield>
    <datafield tag="650" ind1=" " ind2="4">
      <subfield code="a">Militärkartographie</subfield>
    </datafield>
    <datafield tag="651" ind1=" " ind2="4">
      <subfield code="a">Deutschland</subfield>
    </datafield>
    <datafield tag="651" ind1=" " ind2="4">
      <subfield code="a">Sachsen</subfield>
    </datafield>
    <datafield tag="651" ind1=" " ind2="4">
      <subfield code="a">Schlesien</subfield>
    </datafield>
    <datafield tag="700" ind1="2" ind2=" ">
      <subfield code="a">Keyl, Christian Karl Maximilian</subfield>
    </datafield>
    <datafield tag="700" ind1="2" ind2=" ">
      <subfield code="a">Lehmann, Johann Georg</subfield>
    </datafield>
    <datafield tag="700" ind1="2" ind2=" ">
      <subfield code="a">Backenberg, Franz Heinrich</subfield>
    </datafield>
    <datafield tag="700" ind1="2" ind2=" ">
      <subfield code="a">Bach, Justus</subfield>
    </datafield>
    <datafield tag="841" ind1=" " ind2=" ">
      <subfield code="a">em__</subfield>
      <subfield code="b">1805</subfield>
      <subfield code="c">3</subfield>
    </datafield>
    <datafield tag="852" ind1=" " ind2=" ">
      <subfield code="a">DE-185</subfield>
      <subfield code="c">Historische Abteilung</subfield>
      <subfield code="m">HK 0527</subfield>
      <subfield code="t">179449001</subfield>
    </datafield>
    <datafield tag="856" ind1=" " ind2=" ">
      <subfield code="a">https://ifl.wissensbank.com/fastlink.html?search=179449000</subfield>
      <subfield code="3">permalink</subfield>
    </datafield>
    <datafield tag="856" ind1=" " ind2=" ">
      <subfield code="a">https://ifl.wissensbank.com/cgi-bin/starfetch.exe?ReZ@vd1tEXxOxVRLicLqiavOF3sqUcOEfLTWrmlEdP4yFG.NZTqHSSS6ckU@hRsr0hTrapXiVx6RSYZBjXUiOlzy1FM2b7L45B@vg0xQ58JL0KT7GajDarFw0xYb3C3vtHnLBOuo6RYgqxgbt8ur0Q/HK%200527%2d0535.jpg</subfield>
      <subfield code="3">file</subfield>
    </datafield>
  </record>