
  <record>
    <leader>01250nem  22002893  4500</leader>
    <controlfield tag="001">179450000</controlfield>
    <controlfield tag="003">DE-185</controlfield>
    <controlfield tag="007">ta</controlfield>
    <controlfield tag="008">1870                             i|ger</controlfield>
    <datafield tag="041" ind1=" " ind2=" ">
      <subfield code="a">ger</subfield>
    </datafield>
    <datafield tag="084" ind1=" " ind2=" ">
      <subfield code="a">RA08 Südosteuropa</subfield>
    </datafield>
    <datafield tag="084" ind1=" " ind2=" ">
      <subfield code="a">RP02.01 Osmanisches Reich</subfield>
    </datafield>
    <datafield tag="225" ind1=" " ind2=" ">
      <subfield code="c">E 14°13'00"-E 22°19'00"/N 45°59'00"-N 42°33'00"</subfield>
    </datafield>
    <datafield tag="245" ind1="1" ind2="0">
      <subfield code="a">General-Karte von der Europäischen Türkei</subfield>
      <subfield code="b">nach allen vorhandenen Originalkarten und itinerarischen Hülfsmitteln</subfield>
      <subfield code="c">bearbeitet und gezeichnet von Heinrich Kiepert. Schrift gestochen von W. u. C. Kratz in Weimar. Terrain radirt von W. Kratz, Schleich u. Sporer</subfield>
    </datafield>
    <datafield tag="260" ind1=" " ind2=" ">
      <subfield code="a">Berlin</subfield>
      <subfield code="b">Dietrich Reimer</subfield>
      <subfield code="c">1870</subfield>
    </datafield>
    <datafield tag="300" ind1=" " ind2=" ">
      <subfield code="a">1 Kt. in 4 Teilen</subfield>
      <subfield code="b">Grenzen kolor.</subfield>
      <subfield code="c">Gesamtgr. 128 x 83, je Teil ca. 64 x 42</subfield>
    </datafield>
    <datafield tag="337" ind1=" " ind2=" ">
      <subfield code="a">Karte</subfield>
    </datafield>
    <datafield tag="500" ind1=" " ind2=" ">
      <subfield code="a">Maßstab in graph. Form (Deutsche Geogr. Meilen, Engl. u. Franz. Geogr. Meilen (Ital. Miglien)). - Titel oberhalb des Kt.-Feldes. - Maßstab unten links. - Mit 3 Nebenkt.: Der befestigte südliche Theil der Dardanellen Strasse. Constantinopel und der Bosporus. Das Fürstenthum Zrnagora oder Montenegro. - Mit Bergstrichen</subfield>
    </datafield>
    <datafield tag="520" ind1="3" ind2="#">
      <subfield code="a">Karte der Balkanhalbinsel mit Siedlungsnetz und Straßen etc.</subfield>
    </datafield>
    <datafield tag="650" ind1=" " ind2="4">
      <subfield code="a">Altkarte</subfield>
    </datafield>
    <datafield tag="650" ind1=" " ind2="4">
      <subfield code="a">Topographische Karte</subfield>
    </datafield>
    <datafield tag="651" ind1=" " ind2="4">
      <subfield code="a">Südosteuropa</subfield>
    </datafield>
    <datafield tag="651" ind1=" " ind2="4">
      <subfield code="a">Osmanisches Reich</subfield>
    </datafield>
    <datafield tag="700" ind1="2" ind2=" ">
      <subfield code="a">Kiepert, Heinrich</subfield>
      <subfield code="1">116168862</subfield>
    </datafield>
    <datafield tag="700" ind1="2" ind2=" ">
      <subfield code="a">Kratz, W.</subfield>
    </datafield>
    <datafield tag="700" ind1="2" ind2=" ">
      <subfield code="a">Kratz, C.</subfield>
    </datafield>
    <datafield tag="700" ind1="2" ind2=" ">
      <subfield code="a">Schleich, Joseph</subfield>
    </datafield>
    <datafield tag="700" ind1="2" ind2=" ">
      <subfield code="a">Reimer, Dietrich</subfield>
    </datafield>
    <datafield tag="700" ind1="2" ind2=" ">
      <subfield code="a">Sporer, F.</subfield>
    </datafield>
    <datafield tag="841" ind1=" " ind2=" ">
      <subfield code="a">em__</subfield>
      <subfield code="b">1870</subfield>
      <subfield code="c">3</subfield>
    </datafield>
    <datafield tag="852" ind1=" " ind2=" ">
      <subfield code="a">DE-185</subfield>
      <subfield code="c">Historische Abteilung</subfield>
      <subfield code="m">HK 0536</subfield>
      <subfield code="t">179450001</subfield>
    </datafield>
    <datafield tag="856" ind1=" " ind2=" ">
      <subfield code="a">https://ifl.wissensbank.com/fastlink.html?search=179450000</subfield>
      <subfield code="3">permalink</subfield>
    </datafield>
    <datafield tag="856" ind1=" " ind2=" ">
      <subfield code="a">https://ifl.wissensbank.com/cgi-bin/starfetch.exe?qkE84AiE2Zotor9@JrKer0D2zgwoIlSasTDucKQ5ZLsb5v.6@9XHWg9XacWDgHNX8MhN25RBlMK.CNo3VqCGg9d4BvRY.arnxzL9N5b@jCREvvaFvHAMPFzWin9NqqSRuSRcnf9N8QMW0uYCJIYYlA/HK536.jpg</subfield>
      <subfield code="3">file</subfield>
    </datafield>
  </record>