
  <record>
    <leader>01250nem  22002893  4500</leader>
    <controlfield tag="001">179461000</controlfield>
    <controlfield tag="003">DE-185</controlfield>
    <controlfield tag="007">ta</controlfield>
    <controlfield tag="008">1822                             i|fre</controlfield>
    <datafield tag="041" ind1=" " ind2=" ">
      <subfield code="a">fre</subfield>
    </datafield>
    <datafield tag="084" ind1=" " ind2=" ">
      <subfield code="a">RA08 Südosteuropa</subfield>
    </datafield>
    <datafield tag="084" ind1=" " ind2=" ">
      <subfield code="a">RP02.01 Osmanisches Reich</subfield>
    </datafield>
    <datafield tag="225" ind1=" " ind2=" ">
      <subfield code="c">E 22°15'00"-E 29°48'00"/N 46°16'00"-N 40°53'00"</subfield>
    </datafield>
    <datafield tag="245" ind1="1" ind2="0">
      <subfield code="a">Carte Générale De La Turquie D'Europe A La Droite Du Danube Ou Des Beglerbegliks De Roumili, Bosna, Moree Et Pays Limitrophes</subfield>
      <subfield code="b">dressée d'après les meilleures Observations Astronomiques, jtinéraires, Cartes particulieres, et Reconnaissances existentes jusqu'a ce jour</subfield>
      <subfield code="c">par F. Guillaume De Vaudoncourt Cidevant Général au Service Italie. Heck F[e]c[it]</subfield>
    </datafield>
    <datafield tag="260" ind1=" " ind2=" ">
      <subfield code="a">[Paris?]</subfield>
      <subfield code="c">1822</subfield>
    </datafield>
    <datafield tag="300" ind1=" " ind2=" ">
      <subfield code="a">1 Kt. auf 4 Bl.</subfield>
      <subfield code="b">unkolor.</subfield>
      <subfield code="c">47 x 44 cm</subfield>
    </datafield>
    <datafield tag="337" ind1=" " ind2=" ">
      <subfield code="a">Karte</subfield>
    </datafield>
    <datafield tag="500" ind1=" " ind2=" ">
      <subfield code="a">Nur 1 Bl. der Kt. vorh. (rechts oben). - Maßstab in graph. Form (Lieues de France, Milles Geographiques d'Italie). - Nullmeridian: Paris. - Titel und Erkl. der Zeichen rechts Mitte. - Viele Lageungenauigkeiten. - Verlauf vieler Gebirgszüge ungenau. - Relief: Bergstriche</subfield>
    </datafield>
    <datafield tag="520" ind1="3" ind2="#">
      <subfield code="a">Karte vom Osmanischen Reich mit Straßen, Flüssen etc.</subfield>
    </datafield>
    <datafield tag="650" ind1=" " ind2="4">
      <subfield code="a">Altkarte</subfield>
    </datafield>
    <datafield tag="651" ind1=" " ind2="4">
      <subfield code="a">Südosteuropa</subfield>
    </datafield>
    <datafield tag="651" ind1=" " ind2="4">
      <subfield code="a">Osmanisches Reich</subfield>
    </datafield>
    <datafield tag="700" ind1="2" ind2=" ">
      <subfield code="a">Guillaume de Vaudoncourt, Frédéric</subfield>
    </datafield>
    <datafield tag="700" ind1="2" ind2=" ">
      <subfield code="a">Heck, ...</subfield>
    </datafield>
    <datafield tag="841" ind1=" " ind2=" ">
      <subfield code="a">em__</subfield>
      <subfield code="b">1822</subfield>
      <subfield code="c">3</subfield>
    </datafield>
    <datafield tag="852" ind1=" " ind2=" ">
      <subfield code="a">DE-185</subfield>
      <subfield code="c">Historische Abteilung</subfield>
      <subfield code="m">HK 0549</subfield>
      <subfield code="t">179461001</subfield>
    </datafield>
    <datafield tag="856" ind1=" " ind2=" ">
      <subfield code="a">https://ifl.wissensbank.com/fastlink.html?search=179461000</subfield>
      <subfield code="3">permalink</subfield>
    </datafield>
    <datafield tag="856" ind1=" " ind2=" ">
      <subfield code="a">https://ifl.wissensbank.com/cgi-bin/starfetch.exe?Eg1H7IbHDHJED.zuV.hskrHZMm3JSvNMmkaLZ8EGorm.z9wlQdOrMj7CGKYMNW9Ah7J@@UfQ7YQNuejvFodahILjr7i5Os@A1Ix0d.2XvoRQf7ROk9ZF8O1zqicl@PWTLol8zxaSHSBkaV3a6ONEQw/HK%200549.jpg</subfield>
      <subfield code="3">file</subfield>
    </datafield>
  </record>