
  <record>
    <leader>01250nem  22002893  4500</leader>
    <controlfield tag="001">179463000</controlfield>
    <controlfield tag="003">DE-185</controlfield>
    <controlfield tag="007">ta</controlfield>
    <controlfield tag="008">1821                             i|ger</controlfield>
    <datafield tag="041" ind1=" " ind2=" ">
      <subfield code="a">ger</subfield>
    </datafield>
    <datafield tag="084" ind1=" " ind2=" ">
      <subfield code="a">RA06.03 Italien</subfield>
    </datafield>
    <datafield tag="225" ind1=" " ind2=" ">
      <subfield code="c">E 8°08'00"-E 18°35'00"/N 44°28'00"-N 36°36'00"</subfield>
    </datafield>
    <datafield tag="245" ind1="1" ind2="0">
      <subfield code="a">Situationskarte von Neapel und Sicilien mit einem Theile des Grossherzogthums Toscana und des Kirchenstaates</subfield>
      <subfield code="b">Nebst Theile der Poststationen, und der in früheren Feldzügen gelieferten Gefechte und Schlachten</subfield>
      <subfield code="c">nach Bacler d'Albe, Capie und Andern bearbeitet</subfield>
    </datafield>
    <datafield tag="260" ind1=" " ind2=" ">
      <subfield code="a">Mannheim ; Heidelberg</subfield>
      <subfield code="b">Rudolph Schlicht ; Karl Groos</subfield>
      <subfield code="c">1821</subfield>
    </datafield>
    <datafield tag="300" ind1=" " ind2=" ">
      <subfield code="a">1 Kt.</subfield>
      <subfield code="b">unkolor.</subfield>
      <subfield code="c">62 x 47 cm</subfield>
    </datafield>
    <datafield tag="337" ind1=" " ind2=" ">
      <subfield code="a">Karte</subfield>
    </datafield>
    <datafield tag="500" ind1=" " ind2=" ">
      <subfield code="a">Maßstab in graph. Form (Gewöhnliche Französische Lieues, Italienische od. geographische Meilen). - Federzeichn. - N oben links. - Titel im Kt.-Bild. - Erkl. der Zeichen, Berghöhen, Provinzen von Neapel, Maßstab, statistische Übersicht unten Mitte. - Relief: Schraffen</subfield>
    </datafield>
    <datafield tag="520" ind1="3" ind2="#">
      <subfield code="a">Karte von Unteritalien und Sizilien mit Kriegshandlungen und Poststationen</subfield>
    </datafield>
    <datafield tag="650" ind1=" " ind2="4">
      <subfield code="a">Altkarte</subfield>
    </datafield>
    <datafield tag="650" ind1=" " ind2="4">
      <subfield code="a">Militärkartographie</subfield>
    </datafield>
    <datafield tag="651" ind1=" " ind2="4">
      <subfield code="a">Italien</subfield>
    </datafield>
    <datafield tag="651" ind1=" " ind2="4">
      <subfield code="a">Italien (Süd)</subfield>
    </datafield>
    <datafield tag="651" ind1=" " ind2="4">
      <subfield code="a">Sicilia</subfield>
    </datafield>
    <datafield tag="700" ind1="2" ind2=" ">
      <subfield code="a">Bacler d'Albe, Louis Albert Ghislain</subfield>
    </datafield>
    <datafield tag="700" ind1="2" ind2=" ">
      <subfield code="a">Capie, ...</subfield>
    </datafield>
    <datafield tag="700" ind1="2" ind2=" ">
      <subfield code="a">Andern, ...</subfield>
    </datafield>
    <datafield tag="700" ind1="2" ind2=" ">
      <subfield code="a">Schlicht, Rudolph</subfield>
    </datafield>
    <datafield tag="700" ind1="2" ind2=" ">
      <subfield code="a">Groos, Karl</subfield>
    </datafield>
    <datafield tag="841" ind1=" " ind2=" ">
      <subfield code="a">em__</subfield>
      <subfield code="b">1821</subfield>
      <subfield code="c">3</subfield>
    </datafield>
    <datafield tag="852" ind1=" " ind2=" ">
      <subfield code="a">DE-185</subfield>
      <subfield code="c">Historische Abteilung</subfield>
      <subfield code="m">HK 0551</subfield>
      <subfield code="t">179463001</subfield>
    </datafield>
    <datafield tag="856" ind1=" " ind2=" ">
      <subfield code="a">https://ifl.wissensbank.com/fastlink.html?search=179463000</subfield>
      <subfield code="3">permalink</subfield>
    </datafield>
    <datafield tag="856" ind1=" " ind2=" ">
      <subfield code="a">https://ifl.wissensbank.com/cgi-bin/starfetch.exe?OBSzcQpQ9Bs6xXIvBjlw8cx6MrdJeEURpPzcqsIgOHBQOPHGrpcJEvNqowTMXfoUvqiBledr@ZoycPk57DdHP8w8mig5cHjOmsRidyc6Icqd@PtAN7anfZSI@y3CWaQ2GY9sKaJB2rUezgCyqdqgvA/HK551.jpg</subfield>
      <subfield code="3">file</subfield>
    </datafield>
  </record>