
  <record>
    <leader>01250nem  22002893  4500</leader>
    <controlfield tag="001">179464000</controlfield>
    <controlfield tag="003">DE-185</controlfield>
    <controlfield tag="007">ta</controlfield>
    <controlfield tag="008">1838                             i|ita</controlfield>
    <datafield tag="041" ind1=" " ind2=" ">
      <subfield code="a">ita</subfield>
    </datafield>
    <datafield tag="084" ind1=" " ind2=" ">
      <subfield code="a">RA06.03 Italien</subfield>
    </datafield>
    <datafield tag="084" ind1=" " ind2=" ">
      <subfield code="a">RA10.02 Österreich-Ungarn</subfield>
    </datafield>
    <datafield tag="225" ind1=" " ind2=" ">
      <subfield code="c">E 8°23'00"-E 11°04'00"/N 45°37'00"-N 44°25'00"</subfield>
    </datafield>
    <datafield tag="245" ind1="1" ind2="0">
      <subfield code="a">Generalkarte Des Lombardisch-Venetianischen Königreiches</subfield>
      <subfield code="b">reduzirt nach der topographischen Karte in dem militair geographischen Institute des K. K. Generalquartiermeisterstabs zu Mailand</subfield>
    </datafield>
    <datafield tag="260" ind1=" " ind2=" ">
      <subfield code="a">Mailand</subfield>
      <subfield code="b">Militair-geographisches Institut</subfield>
      <subfield code="c">1838</subfield>
    </datafield>
    <datafield tag="300" ind1=" " ind2=" ">
      <subfield code="a">1 Kt. in 4 Teilen</subfield>
      <subfield code="b">unkolor.</subfield>
      <subfield code="c">Gesamtgr. 148 x 90 cm, je Teil 75 x 46 cm</subfield>
    </datafield>
    <datafield tag="337" ind1=" " ind2=" ">
      <subfield code="a">Karte</subfield>
    </datafield>
    <datafield tag="500" ind1=" " ind2=" ">
      <subfield code="a">Maßstab in graph. Form (Österreichische Postmeilen oder Viener Klafter). - Nummerierung je rechts oberhalb Kt.-Bild. - Titel, Maßstab und Erkl. der Zeichen unten links (HK 552). - Relief: Schraffen, plastische Gebirgsdarstellung</subfield>
    </datafield>
    <datafield tag="520" ind1="3" ind2="#">
      <subfield code="a">Karte des Lombardisch-Venetianischen Königreichs mit Siedlungsnetz, Flüssen, Wäldern etc.</subfield>
    </datafield>
    <datafield tag="650" ind1=" " ind2="4">
      <subfield code="a">Altkarte</subfield>
    </datafield>
    <datafield tag="650" ind1=" " ind2="4">
      <subfield code="a">Militärkartographie</subfield>
    </datafield>
    <datafield tag="651" ind1=" " ind2="4">
      <subfield code="a">Italien</subfield>
    </datafield>
    <datafield tag="651" ind1=" " ind2="4">
      <subfield code="a">Österreich-Ungarn</subfield>
    </datafield>
    <datafield tag="651" ind1=" " ind2="4">
      <subfield code="a">Italien (Nord)</subfield>
    </datafield>
    <datafield tag="651" ind1=" " ind2="4">
      <subfield code="a">Lombardia</subfield>
    </datafield>
    <datafield tag="651" ind1=" " ind2="4">
      <subfield code="a">Veneto</subfield>
    </datafield>
    <datafield tag="841" ind1=" " ind2=" ">
      <subfield code="a">em__</subfield>
      <subfield code="b">1838</subfield>
      <subfield code="c">3</subfield>
    </datafield>
    <datafield tag="852" ind1=" " ind2=" ">
      <subfield code="a">DE-185</subfield>
      <subfield code="c">Historische Abteilung</subfield>
      <subfield code="m">HK 0552</subfield>
      <subfield code="t">179464001</subfield>
    </datafield>
    <datafield tag="856" ind1=" " ind2=" ">
      <subfield code="a">https://ifl.wissensbank.com/fastlink.html?search=179464000</subfield>
      <subfield code="3">permalink</subfield>
    </datafield>
    <datafield tag="856" ind1=" " ind2=" ">
      <subfield code="a">https://ifl.wissensbank.com/cgi-bin/starfetch.exe?HqYcgPSkjH52sZgvEu40qbvldV@090X8DMHKQ2URDQFW@5mtzv5prt0YBLXM45e.6qd7zAKpcbffjlmVyCwpWJykkSdzRJxEKvugPJ3qtHfaXYE@wfvTsxo36JD@Ih2DtnVvUUe2GB7CVE001uyzRQ/HK552.jpg</subfield>
      <subfield code="3">file</subfield>
    </datafield>
  </record>