
  <record>
    <leader>01250nem  22002893  4500</leader>
    <controlfield tag="001">179465000</controlfield>
    <controlfield tag="003">DE-185</controlfield>
    <controlfield tag="007">ta</controlfield>
    <controlfield tag="008">1844                             i|ita</controlfield>
    <datafield tag="041" ind1=" " ind2=" ">
      <subfield code="a">ita</subfield>
    </datafield>
    <datafield tag="084" ind1=" " ind2=" ">
      <subfield code="a">RA06.03 Italien</subfield>
    </datafield>
    <datafield tag="225" ind1=" " ind2=" ">
      <subfield code="c">E 11°36'05"-E 11°38'17"/N 44°51'06"-N 44°49'21"</subfield>
    </datafield>
    <datafield tag="245" ind1="1" ind2="0">
      <subfield code="a">Pianta Della Città Di Ferrara</subfield>
      <subfield code="c">V. Stanghi inc. V. Angeli scrisse</subfield>
    </datafield>
    <datafield tag="260" ind1=" " ind2=" ">
      <subfield code="a">[Florenz]</subfield>
      <subfield code="b">Francesco Vallardi</subfield>
      <subfield code="c">1844</subfield>
    </datafield>
    <datafield tag="300" ind1=" " ind2=" ">
      <subfield code="a">1 Kt.</subfield>
      <subfield code="b">unkolor.</subfield>
      <subfield code="c">34 x 52 cm</subfield>
    </datafield>
    <datafield tag="337" ind1=" " ind2=" ">
      <subfield code="a">Karte</subfield>
    </datafield>
    <datafield tag="500" ind1=" " ind2=" ">
      <subfield code="a">Aus: Zuccagni-Orlandini, Attilio: Atlante Geografico dell'Italia ; 22. - Inselkt. - Maßstab in graph. Form (Pertiche die Ferrara, Metri). - Titel oben links. - Maßstabskartusche unten rechts. - Oben rechts: Nr. 22. - Mit Gebäudekennzeichnung. - Erkl. der Zeichen unten links. - Relief: angedeutet. - Straßennamen ital.</subfield>
    </datafield>
    <datafield tag="520" ind1="3" ind2="#">
      <subfield code="a">Stadtplan von Ferrara</subfield>
    </datafield>
    <datafield tag="650" ind1=" " ind2="4">
      <subfield code="a">Altkarte</subfield>
    </datafield>
    <datafield tag="650" ind1=" " ind2="4">
      <subfield code="a">Stadtplan</subfield>
    </datafield>
    <datafield tag="651" ind1=" " ind2="4">
      <subfield code="a">Italien</subfield>
    </datafield>
    <datafield tag="651" ind1=" " ind2="4">
      <subfield code="a">Ferrara</subfield>
    </datafield>
    <datafield tag="700" ind1="2" ind2=" ">
      <subfield code="a">Angeli, Vittorio</subfield>
    </datafield>
    <datafield tag="700" ind1="2" ind2=" ">
      <subfield code="a">Stanghi, V.</subfield>
    </datafield>
    <datafield tag="700" ind1="2" ind2=" ">
      <subfield code="a">Vallardi, Francesco</subfield>
    </datafield>
    <datafield tag="841" ind1=" " ind2=" ">
      <subfield code="a">em__</subfield>
      <subfield code="b">1844</subfield>
      <subfield code="c">3</subfield>
    </datafield>
    <datafield tag="852" ind1=" " ind2=" ">
      <subfield code="a">DE-185</subfield>
      <subfield code="c">Historische Abteilung</subfield>
      <subfield code="m">HK 0556</subfield>
      <subfield code="t">179465001</subfield>
    </datafield>
    <datafield tag="856" ind1=" " ind2=" ">
      <subfield code="a">https://ifl.wissensbank.com/fastlink.html?search=179465000</subfield>
      <subfield code="3">permalink</subfield>
    </datafield>
    <datafield tag="856" ind1=" " ind2=" ">
      <subfield code="a">https://ifl.wissensbank.com/cgi-bin/starfetch.exe?0CIOwFjp@sixWh@kv6GSVQj28y1jwSLznmPUNIpzyGXaXdYlnaw5u47Ms6e0sKxZWCLCn9.UDeVtQYJ@k4iBuLcjO5iSZmu0rH9TpgYEksGlTh2vBK@5CZXpmvdc7MxNAU06IrllLvbrUKbwRHhznA/HK%200556.jpg</subfield>
      <subfield code="3">file</subfield>
    </datafield>
  </record>