
  <record>
    <leader>01250nem  22002893  4500</leader>
    <controlfield tag="001">179468000</controlfield>
    <controlfield tag="003">DE-185</controlfield>
    <controlfield tag="007">ta</controlfield>
    <controlfield tag="008">1860                             i|ita</controlfield>
    <datafield tag="041" ind1=" " ind2=" ">
      <subfield code="a">ita</subfield>
    </datafield>
    <datafield tag="084" ind1=" " ind2=" ">
      <subfield code="a">RA08.28 Montenegro</subfield>
    </datafield>
    <datafield tag="225" ind1=" " ind2=" ">
      <subfield code="c">E 18°03'00"-E 20°16'00"/N 43°18'00"-N 42°02'00"</subfield>
    </datafield>
    <datafield tag="245" ind1="1" ind2="0">
      <subfield code="a">Carta di Montenegro (Crna gora)</subfield>
      <subfield code="b">Coi confini descritti dalla commissione austriaca, inglese e francese negli anni 1859 e 1860</subfield>
      <subfield code="c">Riduzione e disegno sulla pietra da Giacomo Paulini, Ufficiale. Tecnico dell' I. R. Istituto geografico militare. Istituto art. litogr. d. A. Hartinger in Vienna</subfield>
    </datafield>
    <datafield tag="260" ind1=" " ind2=" ">
      <subfield code="a">Vienna</subfield>
      <subfield code="b">Presso Artaria e Comp[an]i</subfield>
      <subfield code="c">[c.a 1860]</subfield>
    </datafield>
    <datafield tag="300" ind1=" " ind2=" ">
      <subfield code="a">1 Kt.</subfield>
      <subfield code="b">Grenzen kolor.</subfield>
      <subfield code="c">60 x 44 cm</subfield>
    </datafield>
    <datafield tag="337" ind1=" " ind2=" ">
      <subfield code="a">Karte</subfield>
    </datafield>
    <datafield tag="500" ind1=" " ind2=" ">
      <subfield code="a">Maßstab in graph. Form (Klafter austriache, Metri francesi). - Titel und Maßstab oben links. - NO oben. - Relief: plastisch</subfield>
    </datafield>
    <datafield tag="520" ind1="3" ind2="#">
      <subfield code="a">Karte von Montenegro mit Siedlungsnetz, Straßen, Gebirgen etc.</subfield>
    </datafield>
    <datafield tag="650" ind1=" " ind2="4">
      <subfield code="a">Altkarte</subfield>
    </datafield>
    <datafield tag="651" ind1=" " ind2="4">
      <subfield code="a">Montenegro</subfield>
    </datafield>
    <datafield tag="700" ind1="2" ind2=" ">
      <subfield code="a">Paulini, Giacomo</subfield>
    </datafield>
    <datafield tag="700" ind1="2" ind2=" ">
      <subfield code="a">Hartinger, Anton</subfield>
    </datafield>
    <datafield tag="841" ind1=" " ind2=" ">
      <subfield code="a">em__</subfield>
      <subfield code="b">1860</subfield>
      <subfield code="c">3</subfield>
    </datafield>
    <datafield tag="852" ind1=" " ind2=" ">
      <subfield code="a">DE-185</subfield>
      <subfield code="c">Historische Abteilung</subfield>
      <subfield code="m">HK 0558</subfield>
      <subfield code="t">179468001</subfield>
    </datafield>
    <datafield tag="856" ind1=" " ind2=" ">
      <subfield code="a">https://ifl.wissensbank.com/fastlink.html?search=179468000</subfield>
      <subfield code="3">permalink</subfield>
    </datafield>
    <datafield tag="856" ind1=" " ind2=" ">
      <subfield code="a">https://ifl.wissensbank.com/cgi-bin/starfetch.exe?b7LhWIV.kkE8divCixpoRkyQST5c2xM2PJcz7LTSmM0UkiHau8OA3WVFbeFX.odnIFPnuG2BGW5s@tTf9n9iUWC1Um.@zbvDtcaLtqKEtKYlgdveazyI1PXWkML4FXS70SlYv0J1dJ2ovBrhS6Aq6g/HK558.jpg</subfield>
      <subfield code="3">file</subfield>
    </datafield>
  </record>