
  <record>
    <leader>01250nem  22002893  4500</leader>
    <controlfield tag="001">179474000</controlfield>
    <controlfield tag="003">DE-185</controlfield>
    <controlfield tag="007">ta</controlfield>
    <controlfield tag="008">1833                             i|ger</controlfield>
    <datafield tag="041" ind1=" " ind2=" ">
      <subfield code="a">ger</subfield>
    </datafield>
    <datafield tag="084" ind1=" " ind2=" ">
      <subfield code="a">RA05.01 Deutschland</subfield>
    </datafield>
    <datafield tag="225" ind1=" " ind2=" ">
      <subfield code="c">E 13°16'00"-E 14°08'00"/N 51°24'00"-N 50°55'00"</subfield>
    </datafield>
    <datafield tag="245" ind1="1" ind2="0">
      <subfield code="a">Dresden</subfield>
      <subfield code="c">Geographisch bearbeitet u. lith. in der Kön. Kameral-Vermessung u. Graviranstalt Dresden</subfield>
    </datafield>
    <datafield tag="260" ind1=" " ind2=" ">
      <subfield code="a">Dresden</subfield>
      <subfield code="b">Königliche Kameralvermessung</subfield>
      <subfield code="c">1833/1834</subfield>
    </datafield>
    <datafield tag="300" ind1=" " ind2=" ">
      <subfield code="a">1 Kt.</subfield>
      <subfield code="b">Grenzen kolor.</subfield>
      <subfield code="c">52 x 45 cm</subfield>
    </datafield>
    <datafield tag="337" ind1=" " ind2=" ">
      <subfield code="a">Karte</subfield>
    </datafield>
    <datafield tag="500" ind1=" " ind2=" ">
      <subfield code="a">Aus: Charte des Koenigreichs Sachsen und der angrenzenden Laenderabtheilungen ; 10. - Maßstab in graph. Form (Geographische Meilen). - Titel links oberhalb des Kt.-Bildes. - Nummerierung oberhalb des Kt.-Bildes. - Relief: Schraffen</subfield>
    </datafield>
    <datafield tag="520" ind1="3" ind2="#">
      <subfield code="a">Dargestelltes Gebiet: Dresden, Meißen und Umgebung</subfield>
    </datafield>
    <datafield tag="650" ind1=" " ind2="4">
      <subfield code="a">Altkarte</subfield>
    </datafield>
    <datafield tag="651" ind1=" " ind2="4">
      <subfield code="a">Deutschland</subfield>
    </datafield>
    <datafield tag="651" ind1=" " ind2="4">
      <subfield code="a">Sachsen</subfield>
    </datafield>
    <datafield tag="651" ind1=" " ind2="4">
      <subfield code="a">Dresden (reg.)</subfield>
    </datafield>
    <datafield tag="841" ind1=" " ind2=" ">
      <subfield code="a">em__</subfield>
      <subfield code="b">1833</subfield>
      <subfield code="c">3</subfield>
    </datafield>
    <datafield tag="852" ind1=" " ind2=" ">
      <subfield code="a">DE-185</subfield>
      <subfield code="c">Historische Abteilung</subfield>
      <subfield code="m">HK 0574</subfield>
      <subfield code="t">179474001</subfield>
    </datafield>
    <datafield tag="856" ind1=" " ind2=" ">
      <subfield code="a">https://ifl.wissensbank.com/fastlink.html?search=179474000</subfield>
      <subfield code="3">permalink</subfield>
    </datafield>
    <datafield tag="856" ind1=" " ind2=" ">
      <subfield code="a">https://ifl.wissensbank.com/cgi-bin/starfetch.exe?tqmdrjigsYUgtM1NcwKFu3pkRBvihNUyLybD7jYjZJiR9XBR.YF2GxfYPS2MFcDTjy2ZVJZA3U@.QvLWHM6QZndjRy.Y5QROj@Q9hecOB0f0pFJZMXh85yYg6fioNI6L.b7u@eXTtH9YYwN.RT6mXw/HK574.jpg</subfield>
      <subfield code="3">file</subfield>
    </datafield>
  </record>