
  <record>
    <leader>01250nem  22002893  4500</leader>
    <controlfield tag="001">179478000</controlfield>
    <controlfield tag="003">DE-185</controlfield>
    <controlfield tag="007">ta</controlfield>
    <controlfield tag="008">1811                             i|ger</controlfield>
    <datafield tag="041" ind1=" " ind2=" ">
      <subfield code="a">ger</subfield>
    </datafield>
    <datafield tag="084" ind1=" " ind2=" ">
      <subfield code="a">RA05.01 Deutschland</subfield>
    </datafield>
    <datafield tag="225" ind1=" " ind2=" ">
      <subfield code="c">E 9°13'00"-E 13°35'00"/N 48°14'00"-N 45°37'00"</subfield>
    </datafield>
    <datafield tag="245" ind1="1" ind2="0">
      <subfield code="a">Die Baierische Monarchie</subfield>
      <subfield code="c">entworfen in zwey Blättern von Conrad Mannert. C. M. Trummer sc</subfield>
    </datafield>
    <datafield tag="260" ind1=" " ind2=" ">
      <subfield code="a">Nürnberg</subfield>
      <subfield code="b">Christoph Fembo</subfield>
      <subfield code="c">1811[?]</subfield>
    </datafield>
    <datafield tag="300" ind1=" " ind2=" ">
      <subfield code="a">1 Kt. auf 2 Bl.</subfield>
      <subfield code="b">Grenzen kolor.</subfield>
      <subfield code="c">Gesamtgr. 55 x 94 cm, unterer Teil 55 x 50 cm</subfield>
    </datafield>
    <datafield tag="337" ind1=" " ind2=" ">
      <subfield code="a">Karte</subfield>
    </datafield>
    <datafield tag="500" ind1=" " ind2=" ">
      <subfield code="a">Kt. in zwei Teilen, nur unterer Teil vorh. - Erscheinungsjahr vermutl. 1811 oder 1816. - Weiteres Ex. (unterer Teil) von vermutl. 1824 s. HK 578. - Ähnliche Kt. s. HK 320. - Maßstab in graph. Form (Geographische Meilen, Französische Meilen). - Titel auf oberem Teil (nicht vorh.). - Erkl. der Zeichen unten links. - Namen der Kreise unterhalb der Kt. - Nullmeridian: Ferro. - Relief: Bergstriche</subfield>
    </datafield>
    <datafield tag="520" ind1="3" ind2="#">
      <subfield code="a">Kreiskarte von Bayern</subfield>
    </datafield>
    <datafield tag="650" ind1=" " ind2="4">
      <subfield code="a">Altkarte</subfield>
    </datafield>
    <datafield tag="651" ind1=" " ind2="4">
      <subfield code="a">Deutschland</subfield>
    </datafield>
    <datafield tag="651" ind1=" " ind2="4">
      <subfield code="a">Bayern</subfield>
    </datafield>
    <datafield tag="700" ind1="2" ind2=" ">
      <subfield code="a">Mannert, Conrad</subfield>
    </datafield>
    <datafield tag="700" ind1="2" ind2=" ">
      <subfield code="a">Trummer, Christian Martin</subfield>
    </datafield>
    <datafield tag="700" ind1="2" ind2=" ">
      <subfield code="a">Fembo, Christoph</subfield>
    </datafield>
    <datafield tag="841" ind1=" " ind2=" ">
      <subfield code="a">em__</subfield>
      <subfield code="b">1811</subfield>
      <subfield code="c">3</subfield>
    </datafield>
    <datafield tag="852" ind1=" " ind2=" ">
      <subfield code="a">DE-185</subfield>
      <subfield code="c">Historische Abteilung</subfield>
      <subfield code="m">HK 0578a</subfield>
      <subfield code="t">179478001</subfield>
    </datafield>
    <datafield tag="856" ind1=" " ind2=" ">
      <subfield code="a">https://ifl.wissensbank.com/fastlink.html?search=179478000</subfield>
      <subfield code="3">permalink</subfield>
    </datafield>
    <datafield tag="856" ind1=" " ind2=" ">
      <subfield code="a">https://ifl.wissensbank.com/cgi-bin/starfetch.exe?cjtC1HDyXJlspB9YBCHlEjlGTlt7DBBpHCNIpTuWl8MXr2l0MDykFwvmwGlE8dZDE3@ohQ1FoWrJ4HVtJ73y2W4HEY2Fnl2bX84r7kuQGUA.lzx2vBZx8XZsjU0ffRhQCPmZP.NxEoELAovRibDEyA/HK578a.jpg</subfield>
      <subfield code="3">file</subfield>
    </datafield>
  </record>