
  <record>
    <leader>01250nem  22002893  4500</leader>
    <controlfield tag="001">179480000</controlfield>
    <controlfield tag="003">DE-185</controlfield>
    <controlfield tag="007">ta</controlfield>
    <controlfield tag="008">1845                             i|ger</controlfield>
    <datafield tag="041" ind1=" " ind2=" ">
      <subfield code="a">ger</subfield>
    </datafield>
    <datafield tag="084" ind1=" " ind2=" ">
      <subfield code="a">RA06.03 Italien</subfield>
    </datafield>
    <datafield tag="225" ind1=" " ind2=" ">
      <subfield code="c">E 10°35'39"-E 10°52'59"/N 45°23'37"-N 45°14'54"</subfield>
    </datafield>
    <datafield tag="245" ind1="1" ind2="0">
      <subfield code="a">Gegend zwischen Verona, Peschiera, und Mantova</subfield>
    </datafield>
    <datafield tag="260" ind1=" " ind2=" ">
      <subfield code="a">[S.l.]</subfield>
      <subfield code="c">[ca. 1845]</subfield>
    </datafield>
    <datafield tag="300" ind1=" " ind2=" ">
      <subfield code="a">1 Kt. auf 4 Bl.</subfield>
      <subfield code="b">unkolor.</subfield>
      <subfield code="c">ca. 115 x 77 cm, je Teil ca. 52 x 36 cm</subfield>
    </datafield>
    <datafield tag="337" ind1=" " ind2=" ">
      <subfield code="a">Karte</subfield>
    </datafield>
    <datafield tag="500" ind1=" " ind2=" ">
      <subfield code="a">Maßstab in graph. Form (Italienische Meilen, Oesterreichische Meilen). - Titel, Erkl. der Zeichen und Maßstab oben rechts (HK 579). - Relief: Schraffen. - Anordnung der Kt.: HK 579 rechts oben, HK 581 links oben, HK 580 rechts Mitte, HK 582 rechts unten</subfield>
    </datafield>
    <datafield tag="520" ind1="3" ind2="#">
      <subfield code="a">Gebiet um Verona, Gardasee und Peschiera mit Waldflächen, Flüssen, Staßen etc.</subfield>
    </datafield>
    <datafield tag="650" ind1=" " ind2="4">
      <subfield code="a">Altkarte</subfield>
    </datafield>
    <datafield tag="651" ind1=" " ind2="4">
      <subfield code="a">Italien</subfield>
    </datafield>
    <datafield tag="651" ind1=" " ind2="4">
      <subfield code="a">Italien (Nord)</subfield>
    </datafield>
    <datafield tag="651" ind1=" " ind2="4">
      <subfield code="a">Verona (reg.)</subfield>
    </datafield>
    <datafield tag="651" ind1=" " ind2="4">
      <subfield code="a">Mantova (reg.)</subfield>
    </datafield>
    <datafield tag="651" ind1=" " ind2="4">
      <subfield code="a">Peschiera del Garda (reg.)</subfield>
    </datafield>
    <datafield tag="841" ind1=" " ind2=" ">
      <subfield code="a">em__</subfield>
      <subfield code="b">1845</subfield>
      <subfield code="c">3</subfield>
    </datafield>
    <datafield tag="852" ind1=" " ind2=" ">
      <subfield code="a">DE-185</subfield>
      <subfield code="c">Historische Abteilung</subfield>
      <subfield code="m">HK 0579</subfield>
      <subfield code="t">179480001</subfield>
    </datafield>
    <datafield tag="856" ind1=" " ind2=" ">
      <subfield code="a">https://ifl.wissensbank.com/fastlink.html?search=179480000</subfield>
      <subfield code="3">permalink</subfield>
    </datafield>
    <datafield tag="856" ind1=" " ind2=" ">
      <subfield code="a">https://ifl.wissensbank.com/cgi-bin/starfetch.exe?EL7Hahin7v@ZJB@ua4uH2Gj1JxVnsdJtMdw.5lZ8oegh5D.dUuXaFCUZLZKGR55o626GkLOqPTRhUBnsmI7Rls2Fe8CwBVIJ8qUpxxIaUj38ymgRJA0zg4utqpRv2uPpkiyd.xxXNpyyDjvN9RWTDQ/HK%200580.jpg</subfield>
      <subfield code="3">file</subfield>
    </datafield>
  </record>