
  <record>
    <leader>01250nem  22002893  4500</leader>
    <controlfield tag="001">179481000</controlfield>
    <controlfield tag="003">DE-185</controlfield>
    <controlfield tag="007">ta</controlfield>
    <controlfield tag="008">1821                             i|fre</controlfield>
    <datafield tag="041" ind1=" " ind2=" ">
      <subfield code="a">fre</subfield>
    </datafield>
    <datafield tag="084" ind1=" " ind2=" ">
      <subfield code="a">RA08 Südosteuropa</subfield>
    </datafield>
    <datafield tag="084" ind1=" " ind2=" ">
      <subfield code="a">RP02.01 Osmanisches Reich</subfield>
    </datafield>
    <datafield tag="225" ind1=" " ind2=" ">
      <subfield code="c">E 22°14'00"-E 29°57'00"/N 41°08'00"-N 36°06'00"</subfield>
    </datafield>
    <datafield tag="245" ind1="1" ind2="0">
      <subfield code="a">Carte Generale Dela Turquie D'Europe A La Droite Du Danube Ou Des Beglerbegliks De Roum-Jli, Bosna Et Moree</subfield>
      <subfield code="c">dressée d'après les meilleures Observations Astronomiques, jtinéraires, Cartes particulières, &amp; Reconnaissances, existantes jusqu'à ce jour Par F. Guillaume de Vaudoncourt. In Stein gravirt von A. Falger u. L. Zertahelly. K. Wimberger graviert. Die Gebürge gravirt v. I. Päringer. Beschrieben und die Gebirge gravirt v. L. Zertahelly</subfield>
    </datafield>
    <datafield tag="260" ind1=" " ind2=" ">
      <subfield code="a">[München]</subfield>
      <subfield code="c">[1821]</subfield>
    </datafield>
    <datafield tag="300" ind1=" " ind2=" ">
      <subfield code="a">1 Kt. auf 4 Bl.</subfield>
      <subfield code="b">unkolor.</subfield>
      <subfield code="c">Gesamtgr. 92 x 82 cm, je Teil 46 x 41 cm</subfield>
    </datafield>
    <datafield tag="337" ind1=" " ind2=" ">
      <subfield code="a">Karte</subfield>
    </datafield>
    <datafield tag="500" ind1=" " ind2=" ">
      <subfield code="a">Maßstab in graph. Form (Lieues de France, Milles Géographiques d'Italie). - Titel rechts oben (Kt. fehlt). - Nullmeridian: Paris. - Mit 4 Nebenkt.: Environs de Constantinople. Carte du Canal des Dardanelles. Carte de Thermopiles. [Pagasäischer Golf]. - Mit Bl.-Zählung oben rechts. - Mit Bergstrichen. - Anordnung der Kt.: HK 585 links oben, HK 583 links unten, HK 584 rechts unten. - Relief: Schraffen</subfield>
    </datafield>
    <datafield tag="520" ind1="3" ind2="#">
      <subfield code="a">Europäischer Teil des Osmanischen Reiches mit Flüssen, Siedlungsnetz, Straßen etc.</subfield>
    </datafield>
    <datafield tag="650" ind1=" " ind2="4">
      <subfield code="a">Altkarte</subfield>
    </datafield>
    <datafield tag="651" ind1=" " ind2="4">
      <subfield code="a">Südosteuropa</subfield>
    </datafield>
    <datafield tag="651" ind1=" " ind2="4">
      <subfield code="a">Osmanisches Reich</subfield>
    </datafield>
    <datafield tag="700" ind1="2" ind2=" ">
      <subfield code="a">Guillaume de Vaudoncourt, Frédéric</subfield>
    </datafield>
    <datafield tag="700" ind1="2" ind2=" ">
      <subfield code="a">Falger, Anton</subfield>
    </datafield>
    <datafield tag="700" ind1="2" ind2=" ">
      <subfield code="a">Zertahelly, Leonhard</subfield>
    </datafield>
    <datafield tag="700" ind1="2" ind2=" ">
      <subfield code="a">Wimberger, Karl</subfield>
    </datafield>
    <datafield tag="700" ind1="2" ind2=" ">
      <subfield code="a">Päringer, Josef</subfield>
    </datafield>
    <datafield tag="841" ind1=" " ind2=" ">
      <subfield code="a">em__</subfield>
      <subfield code="b">1821</subfield>
      <subfield code="c">3</subfield>
    </datafield>
    <datafield tag="852" ind1=" " ind2=" ">
      <subfield code="a">DE-185</subfield>
      <subfield code="c">Historische Abteilung</subfield>
      <subfield code="m">HK 0583</subfield>
      <subfield code="t">179481001</subfield>
    </datafield>
    <datafield tag="856" ind1=" " ind2=" ">
      <subfield code="a">https://ifl.wissensbank.com/fastlink.html?search=179481000</subfield>
      <subfield code="3">permalink</subfield>
    </datafield>
    <datafield tag="856" ind1=" " ind2=" ">
      <subfield code="a">https://ifl.wissensbank.com/cgi-bin/starfetch.exe?mfDBNDuFGaJ.wHdetPIvv8GyQEAc4WZ.Gfi45vNAFJ.GrDRKa77s5e5i5.LyEnvmSiGiEdUW0V3AOq2OzUSUD4RHFyW90dWZNS9N03d1g3l.5.WZSiQJf74XzkxccS0XmVT9tNpB25vWjOue2ttCRg/HK%200584.jpg</subfield>
      <subfield code="3">file</subfield>
    </datafield>
  </record>