
  <record>
    <leader>01250nem  22002893  4500</leader>
    <controlfield tag="001">179482000</controlfield>
    <controlfield tag="003">DE-185</controlfield>
    <controlfield tag="007">ta</controlfield>
    <controlfield tag="008">1857                             i|ger</controlfield>
    <datafield tag="041" ind1=" " ind2=" ">
      <subfield code="a">ger</subfield>
    </datafield>
    <datafield tag="084" ind1=" " ind2=" ">
      <subfield code="a">RA05.01 Deutschland</subfield>
    </datafield>
    <datafield tag="225" ind1=" " ind2=" ">
      <subfield code="c">E 13°59'00"-E 15°01'00"/N 51°34'00"-N 51°01'00"</subfield>
    </datafield>
    <datafield tag="245" ind1="1" ind2="0">
      <subfield code="a">Wandkarte vom Königreiche Sachsen</subfield>
      <subfield code="b">Mit Culturbezeichnung, Angabe der geschichtlich denk- und merkwürdigen Jahre und einer Höhenkarte, den neuesten Grundrissen von Dresden, Leipzig und Chemnitz, den Abbildungen dieser drei Städte, sowie der Festung Königstein, der Gölzschthalüberbrückung und dem Königl. Sächsischen Wappen</subfield>
      <subfield code="c">Nach den neuesten und besten Hülfsmitteln entworfen und gezeichnet von J. K. F. Trommer</subfield>
    </datafield>
    <datafield tag="260" ind1=" " ind2=" ">
      <subfield code="a">Leipzig</subfield>
      <subfield code="b">Geographisch-Lithographisches Institut</subfield>
      <subfield code="c">1857</subfield>
    </datafield>
    <datafield tag="300" ind1=" " ind2=" ">
      <subfield code="a">1 Kt. auf 9 Bl.</subfield>
      <subfield code="b">Grenzen kolor.</subfield>
      <subfield code="c">Gesamtgr. 175 x 134 cm, je Teil ca. 58 x 45 cm</subfield>
    </datafield>
    <datafield tag="337" ind1=" " ind2=" ">
      <subfield code="a">Karte</subfield>
    </datafield>
    <datafield tag="500" ind1=" " ind2=" ">
      <subfield code="a">Maßstab in graph. Form (geographische Meilen, Sächsische Postmeilen). - Erkl. der Bilder und Zeichen, Erkl. der Farben der Regierungsbezirke, Abkürzungsverz. und Maßstab rechts Mitte (HK 568). - Titel unten links (HK 566). - Mit Höhenkt. und Höhentab. (HK 567). - Mit 3 Nebenkt. (HK 569): Plan von Leipzig. Plan von Dresden. Plan von Chemnitz. - Mit 6 Abbildungen (HK 569): Chemnitz vom Schlosse aus. Leipzig von der Westseite. Dresden. Festung Königstein. Die Gölzschthal-Überbrückung bei Netzschkau. Königlich-Sächsisches Wappen. - Mit 1 Lageplan von Prag (HK 569). - Relief: Schraffen. - Anordnung der Kt.: obere Reihe: HK 563, HK 562, HK 561; mittlere Reihe: HK 565, HK 564, HK 568; untere Reihe: HK 566, HK 567, HK 569</subfield>
    </datafield>
    <datafield tag="520" ind1="3" ind2="#">
      <subfield code="a">Königreich von Sachsen mit Städten, Flüssen, Straßen etc.</subfield>
    </datafield>
    <datafield tag="650" ind1=" " ind2="4">
      <subfield code="a">Altkarte</subfield>
    </datafield>
    <datafield tag="650" ind1=" " ind2="4">
      <subfield code="a">Wandkarte</subfield>
    </datafield>
    <datafield tag="651" ind1=" " ind2="4">
      <subfield code="a">Deutschland</subfield>
    </datafield>
    <datafield tag="651" ind1=" " ind2="4">
      <subfield code="a">Sachsen</subfield>
    </datafield>
    <datafield tag="700" ind1="2" ind2=" ">
      <subfield code="a">Trommer, Johann Karl Friedrich</subfield>
    </datafield>
    <datafield tag="700" ind1="2" ind2=" ">
      <subfield code="a">Kunsch, H.</subfield>
    </datafield>
    <datafield tag="841" ind1=" " ind2=" ">
      <subfield code="a">em__</subfield>
      <subfield code="b">1857</subfield>
      <subfield code="c">3</subfield>
    </datafield>
    <datafield tag="852" ind1=" " ind2=" ">
      <subfield code="a">DE-185</subfield>
      <subfield code="c">Historische Abteilung</subfield>
      <subfield code="m">HK 0561</subfield>
      <subfield code="t">179482001</subfield>
    </datafield>
    <datafield tag="856" ind1=" " ind2=" ">
      <subfield code="a">https://ifl.wissensbank.com/fastlink.html?search=179482000</subfield>
      <subfield code="3">permalink</subfield>
    </datafield>
    <datafield tag="856" ind1=" " ind2=" ">
      <subfield code="a">https://ifl.wissensbank.com/cgi-bin/starfetch.exe?w4ogNX24yTxjJbQFXmWw0@XE2CfFP2o6X@PbUxURAzaR1Kb.689eUwCAhZt7X10RPUV784P0fl.RoG0y.Js4tpEtUCIvA8ZbdmzjtT8zobXGt6NVNxJoDXkvajSur.N.st3I8X@Pt3qeVBpcrlQS2g/HK561.jpg</subfield>
      <subfield code="3">file</subfield>
    </datafield>
  </record>