
  <record>
    <leader>01250nem  22002893  4500</leader>
    <controlfield tag="001">179483000</controlfield>
    <controlfield tag="003">DE-185</controlfield>
    <controlfield tag="007">ta</controlfield>
    <controlfield tag="008">1809                             i|ger</controlfield>
    <datafield tag="041" ind1=" " ind2=" ">
      <subfield code="a">ger</subfield>
    </datafield>
    <datafield tag="084" ind1=" " ind2=" ">
      <subfield code="a">RA05.13 Österreich</subfield>
    </datafield>
    <datafield tag="225" ind1=" " ind2=" ">
      <subfield code="c">E 9°42'00"-E 11°27'00"/N 47°57'00"-N 46°44'00"</subfield>
    </datafield>
    <datafield tag="245" ind1="1" ind2="0">
      <subfield code="a">Carte von Tyrol</subfield>
      <subfield code="b">Seiner Kön. Hoh. dem Erzherzog Johann Kön. Prinzen zu Hungarn und Böheim, K. K. F. M. L. General Genie Directeur &amp; &amp; in aller Unterthänigkeit gewiedmet</subfield>
      <subfield code="c">nach Peter Anich &amp; &amp; neuern Hülfsquellen verfast von I. E. S. Gestochen von F. Reisser</subfield>
    </datafield>
    <datafield tag="260" ind1=" " ind2=" ">
      <subfield code="a">Wien</subfield>
      <subfield code="b">Tranquillo Mollo</subfield>
      <subfield code="c">1809</subfield>
    </datafield>
    <datafield tag="300" ind1=" " ind2=" ">
      <subfield code="a">1 Kt. auf 4 Bl.</subfield>
      <subfield code="b">Grenzen kolor.</subfield>
      <subfield code="c">Gesamtgr. 85 x 85 cm, je Teil ca. 43 x 43 cm</subfield>
    </datafield>
    <datafield tag="337" ind1=" " ind2=" ">
      <subfield code="a">Karte</subfield>
    </datafield>
    <datafield tag="500" ind1=" " ind2=" ">
      <subfield code="a">Maßstab in graph. Form (Geographische Meilen). - Titel links oben (HK 586). - Erkl. der Zeichen und Maßstabstabskartusche rechts unten (HK 589). - Relief: kräftige Schraffen</subfield>
    </datafield>
    <datafield tag="520" ind1="3" ind2="#">
      <subfield code="a">Karte von Tirol mit Flüssen, Straßen und Städten etc.</subfield>
    </datafield>
    <datafield tag="650" ind1=" " ind2="4">
      <subfield code="a">Altkarte</subfield>
    </datafield>
    <datafield tag="651" ind1=" " ind2="4">
      <subfield code="a">Österreich</subfield>
    </datafield>
    <datafield tag="651" ind1=" " ind2="4">
      <subfield code="a">Tirol</subfield>
    </datafield>
    <datafield tag="651" ind1=" " ind2="4">
      <subfield code="a">Südtirol</subfield>
    </datafield>
    <datafield tag="700" ind1="2" ind2=" ">
      <subfield code="a">Anich, Peter</subfield>
    </datafield>
    <datafield tag="700" ind1="2" ind2=" ">
      <subfield code="a">Reisser, Franz</subfield>
    </datafield>
    <datafield tag="700" ind1="2" ind2=" ">
      <subfield code="a">Stein, J. E.</subfield>
    </datafield>
    <datafield tag="700" ind1="2" ind2=" ">
      <subfield code="a">Mollo, Tranquillo</subfield>
    </datafield>
    <datafield tag="841" ind1=" " ind2=" ">
      <subfield code="a">em__</subfield>
      <subfield code="b">1809</subfield>
      <subfield code="c">3</subfield>
    </datafield>
    <datafield tag="852" ind1=" " ind2=" ">
      <subfield code="a">DE-185</subfield>
      <subfield code="c">Historische Abteilung</subfield>
      <subfield code="m">HK 0586</subfield>
      <subfield code="t">179483001</subfield>
    </datafield>
    <datafield tag="856" ind1=" " ind2=" ">
      <subfield code="a">https://ifl.wissensbank.com/fastlink.html?search=179483000</subfield>
      <subfield code="3">permalink</subfield>
    </datafield>
    <datafield tag="856" ind1=" " ind2=" ">
      <subfield code="a">https://ifl.wissensbank.com/cgi-bin/starfetch.exe?.RpjDcbbDYbyqGuC1u2cKT6IVgUG9WgU39jKHUEM3JFA3SDAG2xNWQ@dxxsOAWjFR@rWKnMXT72uJjM8RVO8a5mrY3rLq4LAtmyB.SIjBYv.HXxPjyKbaq7QIchm2qJPTWJOjcey4jMKjbfWcQjNBA/HK586.jpg</subfield>
      <subfield code="3">file</subfield>
    </datafield>
  </record>
  <record>
    <leader>01250nem  22002893  4500</leader>
    <controlfield tag="001">179484000</controlfield>
    <controlfield tag="003">DE-185</controlfield>
    <controlfield tag="007">ta</controlfield>
    <controlfield tag="008">1762                             i|ger</controlfield>
    <datafield tag="041" ind1=" " ind2=" ">
      <subfield code="a">ger</subfield>
    </datafield>
    <datafield tag="084" ind1=" " ind2=" ">
      <subfield code="a">RA05.01 Deutschland</subfield>
    </datafield>
    <datafield tag="225" ind1=" " ind2=" ">
      <subfield code="c">E 13°07'59"-E 13°24'47"/N 50°52'53"-N 50°46'11"</subfield>
    </datafield>
    <datafield tag="245" ind1="1" ind2="0">
      <subfield code="a">Accurate Situations-Carte Von Einem Theile Des Churfürstenthums Sachsen, Und Hauptsaechlich Von Den Gegenden 4 Bis 5 Meilen Aus Dem Centro Um Die Haupt- Und Residenz-Stadt Dresden</subfield>
      <subfield code="b">worinnen alle Berge und Thäler, Seen und Teiche, Ströme, Flüsse und Bäche mit allen daran gelegenen Morästen, Wiesen, Holzungen und Wäldern, desgleichen die Lagen der Dörfer mit allen durch und neben denselben gehenden Landstrassen und andern gemeinen Dorfwegen, nicht weniger alle einzelne Häuser, als: Vorwerker, Schäfereien, Forst- und Winzer-Häuser, Gasthöfe und Schenken, Ziegeleien, Pech- und Theer-Hütten, auch Wind- und Wasser-Mühlen nach ihrem wesentlichen und natürlichen Lage genau angemerket, und solchergestalt diese Gegenden zum Gebrauch und Nutzen der Königlichen Preussischen Armée aufgenommen, in ein wahres Licht gesetzet, und nach untenstehendem ziemlich grossem Maasstabe in denen Jahren des jetzigen Krieges 1759 und 1760 in dieser deutlichen Carte gebracht und verzeichnet worden</subfield>
      <subfield code="c">durch den Ingen. Major Petri, und einige bei sich gehabte Preussische Ingen. Officiers. J. D. Schleuen fec[it]</subfield>
    </datafield>
    <datafield tag="250" ind1=" " ind2=" ">
      <subfield code="a">Auch nachhero durch eben demselben in denen folgenden Campagnen 1761 und 1762 an denen Örtern, wo man zuvor vorm Feind nicht kommen können, gänzlich verbessert und vollständig gemacht worden</subfield>
    </datafield>
    <datafield tag="260" ind1=" " ind2=" ">
      <subfield code="a">Berolini</subfield>
      <subfield code="b">J. D. Schleuen</subfield>
      <subfield code="c">1762</subfield>
    </datafield>
    <datafield tag="300" ind1=" " ind2=" ">
      <subfield code="a">1 Kt. auf 12 Bl.</subfield>
      <subfield code="b">unkolor.</subfield>
      <subfield code="c">Gesamtgr. 233 x 158 cm, je Teil ca. 60 x 54 cm</subfield>
    </datafield>
    <datafield tag="337" ind1=" " ind2=" ">
      <subfield code="a">Karte</subfield>
    </datafield>
    <datafield tag="500" ind1=" " ind2=" ">
      <subfield code="a">Maßstab in graph. Form (Teutsche Meilen, Rheinl. Ruthen). - Titelkartusche und Maßstab unten links (HK 590). - Kartenstecher unten links in der Titelkartusche. - Mit Schmuckrahmen. - Auf Leinen aufgezogen. - Nummerierung der Kt.: A 1 - A 12. - Relief: kräftige Schraffen. - Anordnung der Kt.: obere Reihe: HK 591 = A 1, HK 592 = A 2, HK 593 = A 3, HK 594 = A 4; mittlere Reihe: HK 595 = A 5, HK 596 = A 6, HK 597 = A 7, HK 598 = A 8; untere Reihe: HK 590 = A 9, HK 599 = A 10, HK 600 = A 11, HK 601 = A 12. - Fortsetzung s. HK 602 - HK 613</subfield>
    </datafield>
    <datafield tag="520" ind1="3" ind2="#">
      <subfield code="a">Karte vom Kurfürstentum Sachsen mit Städten, Flüssen, Wäldern etc.</subfield>
    </datafield>
    <datafield tag="650" ind1=" " ind2="4">
      <subfield code="a">Altkarte</subfield>
    </datafield>
    <datafield tag="651" ind1=" " ind2="4">
      <subfield code="a">Deutschland</subfield>
    </datafield>
    <datafield tag="651" ind1=" " ind2="4">
      <subfield code="a">Sachsen</subfield>
    </datafield>
    <datafield tag="700" ind1="2" ind2=" ">
      <subfield code="a">Petri, Isaak Jakob von</subfield>
    </datafield>
    <datafield tag="700" ind1="2" ind2=" ">
      <subfield code="a">Schleuen, Johann David</subfield>
    </datafield>
    <datafield tag="841" ind1=" " ind2=" ">
      <subfield code="a">em__</subfield>
      <subfield code="b">1762</subfield>
      <subfield code="c">3</subfield>
    </datafield>
    <datafield tag="852" ind1=" " ind2=" ">
      <subfield code="a">DE-185</subfield>
      <subfield code="c">Historische Abteilung</subfield>
      <subfield code="m">HK 0590</subfield>
      <subfield code="t">179484001</subfield>
    </datafield>
    <datafield tag="856" ind1=" " ind2=" ">
      <subfield code="a">https://ifl.wissensbank.com/fastlink.html?search=179484000</subfield>
      <subfield code="3">permalink</subfield>
    </datafield>
    <datafield tag="856" ind1=" " ind2=" ">
      <subfield code="a">https://ifl.wissensbank.com/cgi-bin/starfetch.exe?aotF4wn3MhZz@h3Yt.nSb@dLvx3SZylpo5ykI2UL8t8BM6O1j9ytir4W.J5GGhj4Ggd3Qgd5h.aH5M25lZbismQ3AIE3EdJ6G1ltPSbC3v70ebMnc8PlBjTJM.LrVPtvDEE5UojPfvzvJYq@ouuw8Q/HK590.jpg</subfield>
      <subfield code="3">file</subfield>
    </datafield>
  </record>