
  <record>
    <leader>01250nem  22002893  4500</leader>
    <controlfield tag="001">179485000</controlfield>
    <controlfield tag="003">DE-185</controlfield>
    <controlfield tag="007">ta</controlfield>
    <controlfield tag="008">1762                             i|ger</controlfield>
    <datafield tag="041" ind1=" " ind2=" ">
      <subfield code="a">ger</subfield>
    </datafield>
    <datafield tag="084" ind1=" " ind2=" ">
      <subfield code="a">RA05.01 Deutschland</subfield>
    </datafield>
    <datafield tag="225" ind1=" " ind2=" ">
      <subfield code="c">E 13°07'32"-E 13°25'53"/N 51°26'12"-N 51°17'21"</subfield>
    </datafield>
    <datafield tag="245" ind1="1" ind2="0">
      <subfield code="a">Fortsetzung oder andere Ausgabe des Ing. Maj. Petri von anderweitigen 12. Blatt sub. Litt. B. der accuraten Situations- und Cabinets-Carte von einem anderen Theile des Churfürstenthums Sachsen und hauptsächlich von denen Gegenden auf beiden Seiten des Elbe- und Muldau-Stroms</subfield>
      <subfield code="b">und zwar am erstern von Meissen bis Prettin und der Gegend Pretzsch, und am letzteren von Döblen bis unterhalb Düben bei Rösa, wornach demnechst die 3te, und in der folge die 4te Fortsetzung, jede in 12 Bogen nach demselben Maasstabe folgen wird</subfield>
    </datafield>
    <datafield tag="260" ind1=" " ind2=" ">
      <subfield code="a">[Berlin?]</subfield>
      <subfield code="b">[J. D. Schleuen?]</subfield>
      <subfield code="c">[nach 1762]</subfield>
    </datafield>
    <datafield tag="300" ind1=" " ind2=" ">
      <subfield code="a">1 Kt. auf 12 Bl.</subfield>
      <subfield code="b">unkolor.</subfield>
      <subfield code="c">Gesamtgr.: 192 x 188 cm, je Teil ca. 65 x 49 cm</subfield>
    </datafield>
    <datafield tag="337" ind1=" " ind2=" ">
      <subfield code="a">Karte</subfield>
    </datafield>
    <datafield tag="500" ind1=" " ind2=" ">
      <subfield code="a">Maßstab in graph. Form (Teutsche Meile, Rheinl. Ruthen). - Titelkartusche und Maßstab rechts unten auf HK 602. - Mit Schmuckrahmen. - Auf Leinen aufgezogen. - Nummerierung der Kt.: B 1 - B 12. - Relief: kräftige Schraffen. - Anordnung der Kt.: 1. Reihe: HK 603 = B 1, HK 604 = B 2, HK 605 = B 3; 2. Reihe: HK 606 = B 4, HK 607 = B 5, HK 608 = B 6; 3. Reihe: HK 609 = B 7, HK 610 = B 8, HK 602 = B 9; 4. Reihe: HK 611 = B 10, HK 612 = B 11, HK 613 = B 12</subfield>
    </datafield>
    <datafield tag="520" ind1="3" ind2="#">
      <subfield code="a">Karte vom Kurfürstentum Sachsen mit Städten, Flüssen, Wäldern etc.</subfield>
    </datafield>
    <datafield tag="650" ind1=" " ind2="4">
      <subfield code="a">Altkarte</subfield>
    </datafield>
    <datafield tag="651" ind1=" " ind2="4">
      <subfield code="a">Deutschland</subfield>
    </datafield>
    <datafield tag="651" ind1=" " ind2="4">
      <subfield code="a">Sachsen</subfield>
    </datafield>
    <datafield tag="700" ind1="2" ind2=" ">
      <subfield code="a">Petri, Isaak Jakob von</subfield>
    </datafield>
    <datafield tag="700" ind1="2" ind2=" ">
      <subfield code="a">Schleuen, Johann David</subfield>
    </datafield>
    <datafield tag="841" ind1=" " ind2=" ">
      <subfield code="a">em__</subfield>
      <subfield code="b">1762</subfield>
      <subfield code="c">3</subfield>
    </datafield>
    <datafield tag="852" ind1=" " ind2=" ">
      <subfield code="a">DE-185</subfield>
      <subfield code="c">Historische Abteilung</subfield>
      <subfield code="m">HK 0602</subfield>
      <subfield code="t">179485001</subfield>
    </datafield>
    <datafield tag="856" ind1=" " ind2=" ">
      <subfield code="a">https://ifl.wissensbank.com/fastlink.html?search=179485000</subfield>
      <subfield code="3">permalink</subfield>
    </datafield>
    <datafield tag="856" ind1=" " ind2=" ">
      <subfield code="a">https://ifl.wissensbank.com/cgi-bin/starfetch.exe?TWoc0ybsJxiV7K0gap9zqsgxls2gY051XkTdAPe0Mqn9sfHlI32Q6v4EnNEXn5m1x9EFRWzbAEPLX10CMgpdF8GmNoHJv0Dj.CmQaktFKD7rAGzBY9uQv8Q.eMaFm.uiTFRgQBYzBQSuW7pxKHySDA/HK602.jpg</subfield>
      <subfield code="3">file</subfield>
    </datafield>
  </record>