
  <record>
    <leader>01250nem  22002893  4500</leader>
    <controlfield tag="001">180049000</controlfield>
    <controlfield tag="003">DE-185</controlfield>
    <controlfield tag="007">ta</controlfield>
    <controlfield tag="008">1813                             i|ger</controlfield>
    <datafield tag="041" ind1=" " ind2=" ">
      <subfield code="a">ger</subfield>
    </datafield>
    <datafield tag="084" ind1=" " ind2=" ">
      <subfield code="a">RA05.01 Deutschland</subfield>
    </datafield>
    <datafield tag="245" ind1="1" ind2="0">
      <subfield code="a">Topographische Karte Der Aemter Altenburg Und Ronneburg</subfield>
      <subfield code="c">Herausgegeben Auf Befehl S[eine]r Durchlaucht Des Regierenden Herzogs Von Sachsen-Gotha Und Altenburg, von dem Minister von Thümmel. Gravé par Tardieu l’ainé. Dessiné par E. Koch Ing. Géog. Ecrit par A. Pelicier</subfield>
    </datafield>
    <datafield tag="260" ind1=" " ind2=" ">
      <subfield code="a">[S.l.]</subfield>
      <subfield code="c">1813</subfield>
    </datafield>
    <datafield tag="300" ind1=" " ind2=" ">
      <subfield code="a">1 Kt. auf 21 Bl.</subfield>
      <subfield code="b">unkolor.</subfield>
      <subfield code="c">Gesamtgr. ca. 285 x 265 cm, je Teil ca. 54 x 41 cm</subfield>
    </datafield>
    <datafield tag="337" ind1=" " ind2=" ">
      <subfield code="a">Karte</subfield>
    </datafield>
    <datafield tag="500" ind1=" " ind2=" ">
      <subfield code="a">Mit 1 Beil. auf 2 Bl.: Geographisch-topographische Uebersicht der Aemter Altenburg und Ronneburg, eines Theils des alten Osterlandes (HK 0814 u. HK 0815). - Dt. Titel oben links auf Sect. I = HK 0816. - Franz. Parallelt. oben rechts auf Sect. II = HK 0817. - Stecher auf jedem Bl. unten links u. rechts unter Kartenrahmen. - Zeichner auf jedem Bl. unten Mitte unter Kartenrahmen. - Drucker auf Sect. XIX (HK 0834) u. XXI (HK 0836) unten Mitte unte Kartenrahmen. - Relief: Mit Bergstrichen. - Mit 1 Nebenkt. (Sect. XXI = HK 0836) : [Umgebung von Rusdorf]</subfield>
    </datafield>
    <datafield tag="520" ind1="3" ind2="#">
      <subfield code="a">Karte von Altenburg, Ronneburg und Umgebung mit Waldflächen, Flüssen, Straßen etc.</subfield>
    </datafield>
    <datafield tag="650" ind1=" " ind2="4">
      <subfield code="a">Altkarte</subfield>
    </datafield>
    <datafield tag="650" ind1=" " ind2="4">
      <subfield code="a">Topographische Karte</subfield>
    </datafield>
    <datafield tag="651" ind1=" " ind2="4">
      <subfield code="a">Deutschland</subfield>
    </datafield>
    <datafield tag="651" ind1=" " ind2="4">
      <subfield code="a">Ostthüringen</subfield>
    </datafield>
    <datafield tag="651" ind1=" " ind2="4">
      <subfield code="a">Altenburg (reg.)</subfield>
    </datafield>
    <datafield tag="651" ind1=" " ind2="4">
      <subfield code="a">Ronneburg (reg.)</subfield>
    </datafield>
    <datafield tag="700" ind1="2" ind2=" ">
      <subfield code="a">Pélicier, Alphonse</subfield>
    </datafield>
    <datafield tag="700" ind1="2" ind2=" ">
      <subfield code="a">Koch, E.</subfield>
    </datafield>
    <datafield tag="700" ind1="2" ind2=" ">
      <subfield code="a">Tardieu, Jean-Baptiste-Pierre</subfield>
    </datafield>
    <datafield tag="700" ind1="2" ind2=" ">
      <subfield code="a">Müller, F. E.</subfield>
    </datafield>
    <datafield tag="700" ind1="2" ind2=" ">
      <subfield code="a">Sampierre d'Arena, Louis Guillaune</subfield>
    </datafield>
    <datafield tag="700" ind1="2" ind2=" ">
      <subfield code="a">August (Sachsen-Gotha-Altenburg, Herzog)</subfield>
    </datafield>
    <datafield tag="700" ind1="2" ind2=" ">
      <subfield code="a">Thümmel, Hans Wilhelm von</subfield>
    </datafield>
    <datafield tag="841" ind1=" " ind2=" ">
      <subfield code="a">em__</subfield>
      <subfield code="b">1813</subfield>
      <subfield code="c">3</subfield>
    </datafield>
    <datafield tag="852" ind1=" " ind2=" ">
      <subfield code="a">DE-185</subfield>
      <subfield code="c">Historische Abteilung</subfield>
      <subfield code="m">HK 0816</subfield>
      <subfield code="t">180049001</subfield>
    </datafield>
    <datafield tag="856" ind1=" " ind2=" ">
      <subfield code="a">https://ifl.wissensbank.com/fastlink.html?search=180049000</subfield>
      <subfield code="3">permalink</subfield>
    </datafield>
    <datafield tag="856" ind1=" " ind2=" ">
      <subfield code="a">https://ifl.wissensbank.com/cgi-bin/starfetch.exe?2XTP8UcLR5VHEf3FG2Bh@ESML1CPGgrRh8ozAfJqQJX6Uk.bjhRrpGyErczoo@8pDp7arsDwmcrXZikIeD@3lT297Iu@CaP7aAfT@vihPeQAtY3ibZ7NkTnTVT.wC8n2ptg7WMIBb88y5APC5FH0Xg/HK%200815.jpg</subfield>
      <subfield code="3">file</subfield>
    </datafield>
  </record>