
  <record>
    <leader>01250nem  22002893  4500</leader>
    <controlfield tag="001">180050000</controlfield>
    <controlfield tag="003">DE-185</controlfield>
    <controlfield tag="007">ta</controlfield>
    <controlfield tag="008">1808                             i|ger</controlfield>
    <datafield tag="041" ind1=" " ind2=" ">
      <subfield code="a">ger</subfield>
    </datafield>
    <datafield tag="084" ind1=" " ind2=" ">
      <subfield code="a">RA05.01 Deutschland</subfield>
    </datafield>
    <datafield tag="225" ind1=" " ind2=" ">
      <subfield code="c">E 11°19'38"-E 11°21'09"/N 50°59'06"-N 50°57'51"</subfield>
    </datafield>
    <datafield tag="245" ind1="1" ind2="0">
      <subfield code="a">Plan des Herzoglichen Parks bey Weimar</subfield>
      <subfield code="b">[Widmung] Ihre Kaiserl. Hoheit Frau Erb-Prinzessin Maria Paulowna zu Sachsen-Weimar und Eisenach</subfield>
      <subfield code="c">unterthänigst zugeeignet von dem Geographischen Institute zu Weimar. Carl Schumann sculpsit</subfield>
    </datafield>
    <datafield tag="260" ind1=" " ind2=" ">
      <subfield code="a">Weimar</subfield>
      <subfield code="b">Verlag des Geographischen Instituts</subfield>
      <subfield code="c">1808</subfield>
    </datafield>
    <datafield tag="300" ind1=" " ind2=" ">
      <subfield code="a">1 Pl.</subfield>
      <subfield code="b">unkolor.</subfield>
      <subfield code="c">70 x 50 cm</subfield>
    </datafield>
    <datafield tag="337" ind1=" " ind2=" ">
      <subfield code="a">Karte</subfield>
    </datafield>
    <datafield tag="500" ind1=" " ind2=" ">
      <subfield code="a">Maßstab in graph. Form (Weimarische Ruthen). - Titel unten links. - Maßstab unten Mitte. - Erkl. der Buchstaben unten rechts. - Widmung und Wappen oben Mitte. - Ohne Kt.-Netz. - E oben. - Mit 1 Nebenkt.: Plan der Gegend zwischen Weimar, Belvedere und Tieffurth / Aufgenommen von F. L. Güssefeld. - Relief: Mit Bergstrichen und Einzelbäumen. - Namen und Beschreibungen dt.</subfield>
    </datafield>
    <datafield tag="520" ind1="3" ind2="#">
      <subfield code="a">Plan des Herzoglichen Plans in Weimar mit Gebäuden, Wegen, Einzelbäumen etc.</subfield>
    </datafield>
    <datafield tag="650" ind1=" " ind2="4">
      <subfield code="a">Altkarte</subfield>
    </datafield>
    <datafield tag="651" ind1=" " ind2="4">
      <subfield code="a">Deutschland</subfield>
    </datafield>
    <datafield tag="651" ind1=" " ind2="4">
      <subfield code="a">Thüringen</subfield>
    </datafield>
    <datafield tag="651" ind1=" " ind2="4">
      <subfield code="a">Weimar</subfield>
    </datafield>
    <datafield tag="653" ind1="1" ind2=" ">
      <subfield code="a">Park</subfield>
    </datafield>
    <datafield tag="700" ind1="2" ind2=" ">
      <subfield code="a">Güssefeld, Franz Ludwig</subfield>
    </datafield>
    <datafield tag="700" ind1="2" ind2=" ">
      <subfield code="a">Schumann, Carl R.</subfield>
    </datafield>
    <datafield tag="841" ind1=" " ind2=" ">
      <subfield code="a">em__</subfield>
      <subfield code="b">1808</subfield>
      <subfield code="c">3</subfield>
    </datafield>
    <datafield tag="852" ind1=" " ind2=" ">
      <subfield code="a">DE-185</subfield>
      <subfield code="c">Historische Abteilung</subfield>
      <subfield code="m">HK 0837</subfield>
      <subfield code="t">180050001</subfield>
    </datafield>
    <datafield tag="856" ind1=" " ind2=" ">
      <subfield code="a">https://ifl.wissensbank.com/fastlink.html?search=180050000</subfield>
      <subfield code="3">permalink</subfield>
    </datafield>
    <datafield tag="856" ind1=" " ind2=" ">
      <subfield code="a">https://ifl.wissensbank.com/cgi-bin/starfetch.exe?UGjrgNZgekkEqXTVn9ZAjkw2imy6h16BkDQ0yfaYnk53Pjkt3d8uQf@FOsbMY02De2egmBvaihb.i5jAfPmafLP7I2zq27oMMeoC@xtHR42NCdQQ@3vFl9LrYa0uMudL2Dpk3PH0XVGdFi2tx6qXoQ/HK837.jpg</subfield>
      <subfield code="3">file</subfield>
    </datafield>
  </record>