
  <record>
    <leader>01250nem  22002893  4500</leader>
    <controlfield tag="001">180051000</controlfield>
    <controlfield tag="003">DE-185</controlfield>
    <controlfield tag="007">ta</controlfield>
    <controlfield tag="008">1831                             i|ger</controlfield>
    <datafield tag="041" ind1=" " ind2=" ">
      <subfield code="a">ger</subfield>
    </datafield>
    <datafield tag="084" ind1=" " ind2=" ">
      <subfield code="a">RA05.01 Deutschland</subfield>
    </datafield>
    <datafield tag="225" ind1=" " ind2=" ">
      <subfield code="c">E 13°33'37"-E 14°05'15"/N 51°14'15"-N 50°59'15"</subfield>
    </datafield>
    <datafield tag="245" ind1="1" ind2="0">
      <subfield code="a">Charte der Ephorie Radeberg</subfield>
    </datafield>
    <datafield tag="260" ind1=" " ind2=" ">
      <subfield code="a">Leipzig</subfield>
      <subfield code="b">Pönicke &amp; Sohn</subfield>
      <subfield code="c">[1831]</subfield>
    </datafield>
    <datafield tag="300" ind1=" " ind2=" ">
      <subfield code="a">1 Kt.</subfield>
      <subfield code="b">unkolor.</subfield>
      <subfield code="c">26 x 20 cm</subfield>
    </datafield>
    <datafield tag="337" ind1=" " ind2=" ">
      <subfield code="a">Karte</subfield>
    </datafield>
    <datafield tag="500" ind1=" " ind2=" ">
      <subfield code="a">Aus: Atlas des Königreichs Sachsen : in 26 Karten mit topographisch-statistischen Beilagen, zum Gebrauche für alle Geschäftsmänner und Reisende / Gezeichnet von Friedrich Adolph Lüdicke, Pfarrer in Zeithayn bei Grossenhayn. Herausgegeben von Dr. Johann Carl Heinrich von Zobel, Superintendent in Borna ; 5. - Maßstab in graph. Form (Deutsche [Meilen], Sächs. Post Meilen. - Titel und Maßstab unten links. - Relief: Einzelberge</subfield>
    </datafield>
    <datafield tag="520" ind1="3" ind2="#">
      <subfield code="a">Kirchenkreis Radeberg mit Siedlungen, Städten, Flüssen, Wäldern etc.</subfield>
    </datafield>
    <datafield tag="650" ind1=" " ind2="4">
      <subfield code="a">Altkarte</subfield>
    </datafield>
    <datafield tag="651" ind1=" " ind2="4">
      <subfield code="a">Deutschland</subfield>
    </datafield>
    <datafield tag="651" ind1=" " ind2="4">
      <subfield code="a">Sachsen</subfield>
    </datafield>
    <datafield tag="651" ind1=" " ind2="4">
      <subfield code="a">Radeberg (reg.)</subfield>
    </datafield>
    <datafield tag="700" ind1="2" ind2=" ">
      <subfield code="a">Lüdicke, Friedrich Adolph</subfield>
    </datafield>
    <datafield tag="700" ind1="2" ind2=" ">
      <subfield code="a">Zobel, Johann Carl Heinrich</subfield>
    </datafield>
    <datafield tag="700" ind1="2" ind2=" ">
      <subfield code="a">Pönicke, E.</subfield>
    </datafield>
    <datafield tag="841" ind1=" " ind2=" ">
      <subfield code="a">em__</subfield>
      <subfield code="b">1831</subfield>
      <subfield code="c">3</subfield>
    </datafield>
    <datafield tag="852" ind1=" " ind2=" ">
      <subfield code="a">DE-185</subfield>
      <subfield code="c">Historische Abteilung</subfield>
      <subfield code="m">HK 0838</subfield>
      <subfield code="t">180051001</subfield>
    </datafield>
    <datafield tag="856" ind1=" " ind2=" ">
      <subfield code="a">https://ifl.wissensbank.com/fastlink.html?search=180051000</subfield>
      <subfield code="3">permalink</subfield>
    </datafield>
    <datafield tag="856" ind1=" " ind2=" ">
      <subfield code="a">https://ifl.wissensbank.com/cgi-bin/starfetch.exe?12YyeFri35Qef9GF7dVnjaH34uXw0GYvRcprr9lXVFh9JGD2oFQk1ASnkijIFqJ.qkJ6QMp.1KzFxIlr96dXgj93LbbfM7aCQALV3wwnzTtRC39nB71MlBbX8QKrcu1zOED@kwTDXWBAVjGA8d@3Uw/HK%200838.jpg</subfield>
      <subfield code="3">file</subfield>
    </datafield>
  </record>