
  <record>
    <leader>01250nem  22002893  4500</leader>
    <controlfield tag="001">180052000</controlfield>
    <controlfield tag="003">DE-185</controlfield>
    <controlfield tag="007">ta</controlfield>
    <controlfield tag="008">1831                             i|ger</controlfield>
    <datafield tag="041" ind1=" " ind2=" ">
      <subfield code="a">ger</subfield>
    </datafield>
    <datafield tag="084" ind1=" " ind2=" ">
      <subfield code="a">RA05.01 Deutschland</subfield>
    </datafield>
    <datafield tag="225" ind1=" " ind2=" ">
      <subfield code="c">E 13°09'56"-E 13°54'18"/N 51°29'25"-N 51°09'38"</subfield>
    </datafield>
    <datafield tag="245" ind1="1" ind2="0">
      <subfield code="a">Charte der Ephorie Hain</subfield>
    </datafield>
    <datafield tag="260" ind1=" " ind2=" ">
      <subfield code="a">Leipzig</subfield>
      <subfield code="b">Pönicke &amp; Sohn</subfield>
      <subfield code="c">[1831]</subfield>
    </datafield>
    <datafield tag="300" ind1=" " ind2=" ">
      <subfield code="a">1 Kt.</subfield>
      <subfield code="b">unkolor.</subfield>
      <subfield code="c">26 x 20 cm</subfield>
    </datafield>
    <datafield tag="337" ind1=" " ind2=" ">
      <subfield code="a">Karte</subfield>
    </datafield>
    <datafield tag="500" ind1=" " ind2=" ">
      <subfield code="a">Aus: Atlas des Königreichs Sachsen : in 26 Karten mit topographisch-statistischen Beilagen, zum Gebrauche für alle Geschäftsmänner und Reisende / Gezeichnet von Friedrich Adolph Lüdicke, Pfarrer in Zeithayn bei Grossenhayn. Herausgegeben von Dr. Johann Carl Heinrich von Zobel, Superintendent in Borna ; 6. - Maßstab in graph. Form (Deutsche Meile, Sächs. Post-Meile. - Titel und Maßstab oben rechts. - Relief: Einzelberge</subfield>
    </datafield>
    <datafield tag="520" ind1="3" ind2="#">
      <subfield code="a">Kirchenkreis Hain mit Siedlungen, Städten, Flüssen, Wäldern etc.</subfield>
    </datafield>
    <datafield tag="650" ind1=" " ind2="4">
      <subfield code="a">Altkarte</subfield>
    </datafield>
    <datafield tag="650" ind1=" " ind2="4">
      <subfield code="a">Topographische Karte</subfield>
    </datafield>
    <datafield tag="651" ind1=" " ind2="4">
      <subfield code="a">Deutschland</subfield>
    </datafield>
    <datafield tag="651" ind1=" " ind2="4">
      <subfield code="a">Sachsen</subfield>
    </datafield>
    <datafield tag="651" ind1=" " ind2="4">
      <subfield code="a">Großenhain (reg.)</subfield>
    </datafield>
    <datafield tag="700" ind1="2" ind2=" ">
      <subfield code="a">Lüdicke, Friedrich Adolph</subfield>
    </datafield>
    <datafield tag="700" ind1="2" ind2=" ">
      <subfield code="a">Zobel, Johann Carl Heinrich</subfield>
    </datafield>
    <datafield tag="700" ind1="2" ind2=" ">
      <subfield code="a">Pönicke, E.</subfield>
    </datafield>
    <datafield tag="841" ind1=" " ind2=" ">
      <subfield code="a">em__</subfield>
      <subfield code="b">1831</subfield>
      <subfield code="c">3</subfield>
    </datafield>
    <datafield tag="852" ind1=" " ind2=" ">
      <subfield code="a">DE-185</subfield>
      <subfield code="c">Historische Abteilung</subfield>
      <subfield code="m">HK 0839</subfield>
      <subfield code="t">180052001</subfield>
    </datafield>
    <datafield tag="856" ind1=" " ind2=" ">
      <subfield code="a">https://ifl.wissensbank.com/fastlink.html?search=180052000</subfield>
      <subfield code="3">permalink</subfield>
    </datafield>
    <datafield tag="856" ind1=" " ind2=" ">
      <subfield code="a">https://ifl.wissensbank.com/cgi-bin/starfetch.exe?IG4UlAMBkGV3KUf0p74bC7TyJ9D7CyadagIPw1eYyEAP73hDqPB9X1hTDcjzUazDRwarI3Tgc0XBEwrR7O2p7afhsmtjejgq8m@U62C9wY9UeABU@44R97XyioMx00732CLnPsa.0Fh9ygBn1GtaZg/HK%200839.jpg</subfield>
      <subfield code="3">file</subfield>
    </datafield>
  </record>