
  <record>
    <leader>01250nem  22002893  4500</leader>
    <controlfield tag="001">180057000</controlfield>
    <controlfield tag="003">DE-185</controlfield>
    <controlfield tag="007">ta</controlfield>
    <controlfield tag="008">1818                             i|ger</controlfield>
    <datafield tag="041" ind1=" " ind2=" ">
      <subfield code="a">ger</subfield>
    </datafield>
    <datafield tag="084" ind1=" " ind2=" ">
      <subfield code="a">RA05.01 Deutschland</subfield>
    </datafield>
    <datafield tag="225" ind1=" " ind2=" ">
      <subfield code="c">E 5°45'00"-E 10°58'00"/N 52°42'00"-N 49°06'00"</subfield>
    </datafield>
    <datafield tag="245" ind1="1" ind2="0">
      <subfield code="a">Charte von den Königlich Preussischen Provinzen Westphalen, Cleve-Berg und Niederrhein, dem Kurfürstenthume Hessen, Großherzogthume Hessen, dem Herzogthume Nassau, Fürstenthume Waldeck und dem Gebiete der freien Stadt Frankfurt</subfield>
      <subfield code="c">entworfen von C. F. Weiland</subfield>
    </datafield>
    <datafield tag="260" ind1=" " ind2=" ">
      <subfield code="a">Weimar</subfield>
      <subfield code="b">Verlag des Geogr. Instituts</subfield>
      <subfield code="c">1818</subfield>
    </datafield>
    <datafield tag="300" ind1=" " ind2=" ">
      <subfield code="a">1 Kt.</subfield>
      <subfield code="b">Grenzen kolor.</subfield>
      <subfield code="c">50 x 55 cm</subfield>
    </datafield>
    <datafield tag="337" ind1=" " ind2=" ">
      <subfield code="a">Karte</subfield>
    </datafield>
    <datafield tag="500" ind1=" " ind2=" ">
      <subfield code="a">Vermutlich aus: Gaspari, Adam C.: Allgemeiner Hand-Atlas der Ganzen Erde ; XVIII. - Maßstab in graph. Form (Geograph. oder teutsche Meilen, Französische Lieues). - Titel oben rechts. - Maßstab und Erkl. der Farben unten rechts. - Erkl. der Zeichen oben links. - Relief: Bergstriche</subfield>
    </datafield>
    <datafield tag="520" ind1="3" ind2="#">
      <subfield code="a">Nordwestliches Deutschland mit Gebirgen, Straßen, Flüssen etc.</subfield>
    </datafield>
    <datafield tag="650" ind1=" " ind2="4">
      <subfield code="a">Altkarte</subfield>
    </datafield>
    <datafield tag="650" ind1=" " ind2="4">
      <subfield code="a">Topographische Karte</subfield>
    </datafield>
    <datafield tag="650" ind1=" " ind2="4">
      <subfield code="a">Land</subfield>
    </datafield>
    <datafield tag="651" ind1=" " ind2="4">
      <subfield code="a">Nordrhein-Westfalen</subfield>
    </datafield>
    <datafield tag="651" ind1=" " ind2="4">
      <subfield code="a">Hessen</subfield>
    </datafield>
    <datafield tag="700" ind1="2" ind2=" ">
      <subfield code="a">Weiland, Karl Ferdinand</subfield>
    </datafield>
    <datafield tag="841" ind1=" " ind2=" ">
      <subfield code="a">em__</subfield>
      <subfield code="b">1818</subfield>
      <subfield code="c">3</subfield>
    </datafield>
    <datafield tag="852" ind1=" " ind2=" ">
      <subfield code="a">DE-185</subfield>
      <subfield code="c">Historische Abteilung</subfield>
      <subfield code="m">HK 0842</subfield>
      <subfield code="t">180057001</subfield>
    </datafield>
    <datafield tag="856" ind1=" " ind2=" ">
      <subfield code="a">https://ifl.wissensbank.com/fastlink.html?search=180057000</subfield>
      <subfield code="3">permalink</subfield>
    </datafield>
    <datafield tag="856" ind1=" " ind2=" ">
      <subfield code="a">https://ifl.wissensbank.com/cgi-bin/starfetch.exe?vbGAT8yhFKsA1W3orQ1kA67KXDafxKKQYAmR4lqrVANVU2WWZ4VwgUX2oEUcX0DQTaQ4XMtPb3SbxR4n4zdHx7YCfvrZH2pFRNHUXCDa3y4eu85dv3bNhgKdQLH2wnulayJVA@V5XjP1p6jQSSsRYw/HK842.jpg</subfield>
      <subfield code="3">file</subfield>
    </datafield>
  </record>