
  <record>
    <leader>01250nem  22002893  4500</leader>
    <controlfield tag="001">180059000</controlfield>
    <controlfield tag="003">DE-185</controlfield>
    <controlfield tag="007">ta</controlfield>
    <controlfield tag="008">1716                             i|lat</controlfield>
    <datafield tag="041" ind1=" " ind2=" ">
      <subfield code="a">lat</subfield>
    </datafield>
    <datafield tag="084" ind1=" " ind2=" ">
      <subfield code="a">RA08 Südosteuropa</subfield>
    </datafield>
    <datafield tag="084" ind1=" " ind2=" ">
      <subfield code="a">RA08.12 Ungarn</subfield>
    </datafield>
    <datafield tag="225" ind1=" " ind2=" ">
      <subfield code="c">E 15°10'00"-E 26°35'00"/N 49°44'00"-N 43°09'00"</subfield>
    </datafield>
    <datafield tag="245" ind1="1" ind2="0">
      <subfield code="a">Regni Hungariae Tabula Generalis</subfield>
      <subfield code="c">ex Archetypo Mülleriano S. C. M. Capit. et Ing. desumta, et in hanc formam contracta Viis Veredariis aucta. Novissimaeque Pacis Passarovicensis Confiniis illustra à Io. Bapt. Homanno Sac. Caes. Maj. Geographo</subfield>
    </datafield>
    <datafield tag="260" ind1=" " ind2=" ">
      <subfield code="a">Norimbergae</subfield>
      <subfield code="c">[zwischen 1716 u. 1724]</subfield>
    </datafield>
    <datafield tag="300" ind1=" " ind2=" ">
      <subfield code="a">1 Kt.</subfield>
      <subfield code="b">flächenkolor.</subfield>
      <subfield code="c">56 x 46 cm</subfield>
    </datafield>
    <datafield tag="337" ind1=" " ind2=" ">
      <subfield code="a">Karte</subfield>
    </datafield>
    <datafield tag="500" ind1=" " ind2=" ">
      <subfield code="a">Vermutlich aus: Homann, Johann B.: Kleiner Atlas von fünfzig Auserlesenen Homanns Land-Charten ; 48. - Maßstab in graph. Form (Milliaria Hungarica, Milliaria Germanica). - Titelkartusche mit Wappen oben links. - Maßstabskartusche oben rechts. - Relief: Einzelberge</subfield>
    </datafield>
    <datafield tag="520" ind1="3" ind2="#">
      <subfield code="a">Ungarn mit Städten, Flüssen, Gebirgen etc. sowie Teile von Serbien, Bosnien, Rumänien, Kroatien</subfield>
    </datafield>
    <datafield tag="650" ind1=" " ind2="4">
      <subfield code="a">Altkarte</subfield>
    </datafield>
    <datafield tag="651" ind1=" " ind2="4">
      <subfield code="a">Südosteuropa</subfield>
    </datafield>
    <datafield tag="651" ind1=" " ind2="4">
      <subfield code="a">Ungarn</subfield>
    </datafield>
    <datafield tag="653" ind1="1" ind2=" ">
      <subfield code="a">Postwesen</subfield>
    </datafield>
    <datafield tag="700" ind1="2" ind2=" ">
      <subfield code="a">Müller, Johann Christoph</subfield>
    </datafield>
    <datafield tag="700" ind1="2" ind2=" ">
      <subfield code="a">Homann, Johann Baptist</subfield>
    </datafield>
    <datafield tag="841" ind1=" " ind2=" ">
      <subfield code="a">em__</subfield>
      <subfield code="b">1716</subfield>
      <subfield code="c">3</subfield>
    </datafield>
    <datafield tag="852" ind1=" " ind2=" ">
      <subfield code="a">DE-185</subfield>
      <subfield code="c">Historische Abteilung</subfield>
      <subfield code="m">HK 0844</subfield>
      <subfield code="t">180059001</subfield>
    </datafield>
    <datafield tag="856" ind1=" " ind2=" ">
      <subfield code="a">https://ifl.wissensbank.com/fastlink.html?search=180059000</subfield>
      <subfield code="3">permalink</subfield>
    </datafield>
    <datafield tag="856" ind1=" " ind2=" ">
      <subfield code="a">https://ifl.wissensbank.com/cgi-bin/starfetch.exe?Rb39Z2nnNDyJzr7rbS9Z8zFdhJXpOWUMhVdS3NhUsfntsbL2uELb3I2z4ApryqzliBa8rFmU@LDckly1@fMzStVoKy9KpuAomLrgdDZe63S0fFkkn3Yk.3kdgETSAVjG2J9j1EpH8V4FGMNwZqPq7A/HK844.jpg</subfield>
      <subfield code="3">file</subfield>
    </datafield>
  </record>