
  <record>
    <leader>01250nem  22002893  4500</leader>
    <controlfield tag="001">180060000</controlfield>
    <controlfield tag="003">DE-185</controlfield>
    <controlfield tag="007">ta</controlfield>
    <controlfield tag="008">1743                             i|</controlfield>
    <datafield tag="041" ind1=" " ind2=" ">
      <subfield code="a">fre</subfield>
    </datafield>
    <datafield tag="084" ind1=" " ind2=" ">
      <subfield code="a">RA06.06 Türkei</subfield>
    </datafield>
    <datafield tag="084" ind1=" " ind2=" ">
      <subfield code="a">RL05 Schwarzmeerraum</subfield>
    </datafield>
    <datafield tag="225" ind1=" " ind2=" ">
      <subfield code="c">E 21°43'00"-E 42°53'00"/N 47°41'00"-N 34°58'00"</subfield>
    </datafield>
    <datafield tag="245" ind1="1" ind2="0">
      <subfield code="a">Carte de l'Asie Minevre ou de la Natolie et du Pont Euxin</subfield>
      <subfield code="b">avec Privilege de S. M. I. A.</subfield>
      <subfield code="c">tirée des Voyages et des Observations des Anciens et Modernes, et dressée suivant les principes d'une nouvelle Projection par Sr. Has P. P. imprimée aux depens des Heritiers de Homann</subfield>
    </datafield>
    <datafield tag="260" ind1=" " ind2=" ">
      <subfield code="a">Nuremb.</subfield>
      <subfield code="c">1743</subfield>
    </datafield>
    <datafield tag="300" ind1=" " ind2=" ">
      <subfield code="a">1 Kt.</subfield>
      <subfield code="b">teilw. kolor.</subfield>
      <subfield code="c">56 x 45 cm</subfield>
    </datafield>
    <datafield tag="337" ind1=" " ind2=" ">
      <subfield code="a">Karte</subfield>
    </datafield>
    <datafield tag="500" ind1=" " ind2=" ">
      <subfield code="a">Vermutlich aus: Atlas Selectus / 2 ; 131. - Maßstab in graph. Form (Milliaria Romana, Stadia Graeca, Milliaria Germanica). - Titel und Parallelt. oberhalb des Kt.-Feldes. - Maßstabskartusche oben rechts. - Nullmeridian: Ferro. - Relief: Einzelberge</subfield>
    </datafield>
    <datafield tag="520" ind1="3" ind2="#">
      <subfield code="a">Schwarzes Meer einschließlich umgebende Territorien Südukraine, Krim, Bosporus, Anatolien, östliches Mittelmeer</subfield>
    </datafield>
    <datafield tag="541" ind1=" " ind2=" ">
      <subfield code="a">Nachlass Maull, Otto</subfield>
    </datafield>
    <datafield tag="650" ind1=" " ind2="4">
      <subfield code="a">Altkarte</subfield>
    </datafield>
    <datafield tag="651" ind1=" " ind2="4">
      <subfield code="a">Türkei</subfield>
    </datafield>
    <datafield tag="651" ind1=" " ind2="4">
      <subfield code="a">Schwarzmeerraum</subfield>
    </datafield>
    <datafield tag="700" ind1="2" ind2=" ">
      <subfield code="a">Haas, Johann Matthias</subfield>
    </datafield>
    <datafield tag="700" ind1="2" ind2=" ">
      <subfield code="a">Homann, ...</subfield>
    </datafield>
    <datafield tag="841" ind1=" " ind2=" ">
      <subfield code="a">em__</subfield>
      <subfield code="b">1743</subfield>
      <subfield code="c">3</subfield>
    </datafield>
    <datafield tag="852" ind1=" " ind2=" ">
      <subfield code="a">DE-185</subfield>
      <subfield code="c">Historische Abteilung</subfield>
      <subfield code="m">HK 0845</subfield>
      <subfield code="t">180060001</subfield>
    </datafield>
    <datafield tag="856" ind1=" " ind2=" ">
      <subfield code="a">https://ifl.wissensbank.com/fastlink.html?search=180060000</subfield>
      <subfield code="3">permalink</subfield>
    </datafield>
    <datafield tag="856" ind1=" " ind2=" ">
      <subfield code="a">https://ifl.wissensbank.com/cgi-bin/starfetch.exe?9xoghf57fEYEVVuw8e.XKZuF2TCdTk3VLetMruQdQcbtuaNqzPpFf38BkEpVLpt8m2Ko4oyihs7LSOBD.TU4D3XIhOXppEonFoYh7WjolfF@sN86E5msD9x7m9fQwQYBrXsSKDXKUUfxWZGTRuSUOQ/HK845.jpg</subfield>
      <subfield code="3">file</subfield>
    </datafield>
  </record>