
  <record>
    <leader>01250nem  22002893  4500</leader>
    <controlfield tag="001">180062000</controlfield>
    <controlfield tag="003">DE-185</controlfield>
    <controlfield tag="007">ta</controlfield>
    <controlfield tag="008">1745                             i|</controlfield>
    <datafield tag="084" ind1=" " ind2=" ">
      <subfield code="a">RA06.09 Vatikanstadt</subfield>
    </datafield>
    <datafield tag="225" ind1=" " ind2=" ">
      <subfield code="c">E 12°10'00"/N 41°33'00" ; E 10°59'00"/N 42°14'00" ; E 11°45'00"/N 42°58'00" ; E 12°56'00"/N 42°17'00" ; E 12°10'00"/N 41°33'00"</subfield>
    </datafield>
    <datafield tag="245" ind1="1" ind2="0">
      <subfield code="a">Patrimonium Petri olim Tuscia Suburbicaria</subfield>
      <subfield code="c">edentibus Homannianis Heredibus. Descritto da Giacomo Filippi Ameti Romano e data in luce da Domenico de Rossi in Roma l'anne 1696.</subfield>
    </datafield>
    <datafield tag="260" ind1=" " ind2=" ">
      <subfield code="a">[Nürnberg]</subfield>
      <subfield code="b">Homanniani Heredes [Homannsche Erben]</subfield>
      <subfield code="c">1745</subfield>
    </datafield>
    <datafield tag="300" ind1=" " ind2=" ">
      <subfield code="a">1 Kt.</subfield>
      <subfield code="b">flächenkolor.</subfield>
      <subfield code="c">58 x 49 cm</subfield>
    </datafield>
    <datafield tag="337" ind1=" " ind2=" ">
      <subfield code="a">Karte</subfield>
    </datafield>
    <datafield tag="500" ind1=" " ind2=" ">
      <subfield code="a">Maßstab in graph. Form (Miglia Geografici d'Todesche, Miglia communi d'Italia). - Titelkartusche oben links. - Nebentitel oberhalb des Kt.-Feldes. - Maßstabskartusche oben rechts. - NE oben. - Relief: Einzelberge</subfield>
    </datafield>
    <datafield tag="520" ind1="3" ind2="#">
      <subfield code="a">Straßenkarte des päpstlichen Herrschaftsgebietes westlich von Rom</subfield>
    </datafield>
    <datafield tag="650" ind1=" " ind2="4">
      <subfield code="a">Altkarte</subfield>
    </datafield>
    <datafield tag="650" ind1=" " ind2="4">
      <subfield code="a">Stadtplan</subfield>
    </datafield>
    <datafield tag="651" ind1=" " ind2="4">
      <subfield code="a">Vatikanstadt</subfield>
    </datafield>
    <datafield tag="700" ind1="2" ind2=" ">
      <subfield code="a">Ameti, Giacomo Filippo</subfield>
    </datafield>
    <datafield tag="700" ind1="2" ind2=" ">
      <subfield code="a">Rossi, Domenico de</subfield>
    </datafield>
    <datafield tag="700" ind1="2" ind2=" ">
      <subfield code="a">Homann, ...</subfield>
    </datafield>
    <datafield tag="841" ind1=" " ind2=" ">
      <subfield code="a">em__</subfield>
      <subfield code="b">1745</subfield>
      <subfield code="c">3</subfield>
    </datafield>
    <datafield tag="852" ind1=" " ind2=" ">
      <subfield code="a">DE-185</subfield>
      <subfield code="c">Historische Abteilung</subfield>
      <subfield code="m">HK 0846</subfield>
      <subfield code="t">180062001</subfield>
    </datafield>
    <datafield tag="856" ind1=" " ind2=" ">
      <subfield code="a">https://ifl.wissensbank.com/fastlink.html?search=180062000</subfield>
      <subfield code="3">permalink</subfield>
    </datafield>
    <datafield tag="856" ind1=" " ind2=" ">
      <subfield code="a">https://ifl.wissensbank.com/cgi-bin/starfetch.exe?lCSddYUU.WLUNmUEcDMhEn8N3wbW4pJS2fOHqsIzfI6tHgfuV9ImQBq7VQkZ3WyagGoa4LNSr5W@Akc3zw2tYau2c9bRx8@fg1Iz.O.Fm9BtN5hK4SlB5wYRW9Ex7aNHcQk6iR3iHXUM7uqe.yVLiQ/HK846.jpg</subfield>
      <subfield code="3">file</subfield>
    </datafield>
  </record>