
  <record>
    <leader>01250nem  22002893  4500</leader>
    <controlfield tag="001">180064000</controlfield>
    <controlfield tag="003">DE-185</controlfield>
    <controlfield tag="007">ta</controlfield>
    <controlfield tag="008">1677                             i|</controlfield>
    <datafield tag="084" ind1=" " ind2=" ">
      <subfield code="a">RA04.04 Belgien</subfield>
    </datafield>
    <datafield tag="225" ind1=" " ind2=" ">
      <subfield code="c">E 3°21'00"-E 4°26'00"/N 51°17'00"-N 50°43'00"</subfield>
    </datafield>
    <datafield tag="245" ind1="1" ind2="0">
      <subfield code="a">Flandriae Comitatus Pars Orientalis</subfield>
      <subfield code="b">In Burg-Graviat[u]m, Gandavensem, Comitat[u]m Alostanum, Balliviat[u]m, Wasiensem, Et Alias Minores Ditiones Accuratissime Divisa ; cum Privil. Ord. General. Belgii Foederati</subfield>
      <subfield code="c">per Nicolaum Visscher</subfield>
    </datafield>
    <datafield tag="260" ind1=" " ind2=" ">
      <subfield code="a">Amst. Bat.</subfield>
      <subfield code="c">[zwischen 1677 u. 1679]</subfield>
    </datafield>
    <datafield tag="300" ind1=" " ind2=" ">
      <subfield code="a">1 Kt.</subfield>
      <subfield code="b">teilw. kolor.</subfield>
      <subfield code="c">57 x 48 cm</subfield>
    </datafield>
    <datafield tag="337" ind1=" " ind2=" ">
      <subfield code="a">Karte</subfield>
    </datafield>
    <datafield tag="500" ind1=" " ind2=" ">
      <subfield code="a">Vermutlich aus: Atlas maior sive collectio mapparum variis autoribus / 3 ; 61. - Maßstab in graph. Form (Gemeene Duytsche Mylen, Fransche Mylen ofte Uren Gaans). - Titel oben Mitte. - Maßstab oben rechts. - Legende oben links. - Relief angedeutet</subfield>
    </datafield>
    <datafield tag="520" ind1="3" ind2="#">
      <subfield code="a">Östliches Flandern mit Städten, Flüssen, Straßen etc.</subfield>
    </datafield>
    <datafield tag="650" ind1=" " ind2="4">
      <subfield code="a">Altkarte</subfield>
    </datafield>
    <datafield tag="651" ind1=" " ind2="4">
      <subfield code="a">Belgien</subfield>
    </datafield>
    <datafield tag="651" ind1=" " ind2="4">
      <subfield code="a">West-Vlaanderen</subfield>
    </datafield>
    <datafield tag="700" ind1="2" ind2=" ">
      <subfield code="a">Visscher, Nicolaes (d. J.)</subfield>
    </datafield>
    <datafield tag="841" ind1=" " ind2=" ">
      <subfield code="a">em__</subfield>
      <subfield code="b">1677</subfield>
      <subfield code="c">3</subfield>
    </datafield>
    <datafield tag="852" ind1=" " ind2=" ">
      <subfield code="a">DE-185</subfield>
      <subfield code="c">Historische Abteilung</subfield>
      <subfield code="m">HK 0848</subfield>
      <subfield code="t">180064001</subfield>
    </datafield>
    <datafield tag="856" ind1=" " ind2=" ">
      <subfield code="a">https://ifl.wissensbank.com/fastlink.html?search=180064000</subfield>
      <subfield code="3">permalink</subfield>
    </datafield>
    <datafield tag="856" ind1=" " ind2=" ">
      <subfield code="a">https://ifl.wissensbank.com/cgi-bin/starfetch.exe?nbu9KineyXc9vMHzwClHRrAP7hND4AaVidHYHw4AAPjfZUuaDHQeMpVJgtte.WAurgnsBI5equJujfPusGhWrr@4pQgl9L8S0I0yH@ZdjsbcBxkNcBbj85cRdtMyzKPaIuMqRiZ@v97WuEKs@QV8Ww/HK848.jpg</subfield>
      <subfield code="3">file</subfield>
    </datafield>
  </record>