
  <record>
    <leader>01250nem  22002893  4500</leader>
    <controlfield tag="001">180066000</controlfield>
    <controlfield tag="003">DE-185</controlfield>
    <controlfield tag="007">ta</controlfield>
    <controlfield tag="008">1677                             i|</controlfield>
    <datafield tag="084" ind1=" " ind2=" ">
      <subfield code="a">RA04.04 Belgien</subfield>
    </datafield>
    <datafield tag="225" ind1=" " ind2=" ">
      <subfield code="c">E 2°47'30"-E 3°46'40"/N 51°07'13"-N 50°37'41"</subfield>
    </datafield>
    <datafield tag="245" ind1="1" ind2="0">
      <subfield code="a">Flandriae Comitatus Pars Media</subfield>
      <subfield code="b">Comprehendens Castellaniam Yprensem, Cortracensem, Aldenardensem ; cum Privil. Ord. Gen. Belg. Foed.</subfield>
      <subfield code="c">per Nicol. Visscher</subfield>
    </datafield>
    <datafield tag="260" ind1=" " ind2=" ">
      <subfield code="a">Amst. Bat.</subfield>
      <subfield code="c">[zwischen 1677 u. 1679]</subfield>
    </datafield>
    <datafield tag="300" ind1=" " ind2=" ">
      <subfield code="a">1 Kt.</subfield>
      <subfield code="b">teilw. kolor.</subfield>
      <subfield code="c">55 x 43 cm</subfield>
    </datafield>
    <datafield tag="337" ind1=" " ind2=" ">
      <subfield code="a">Karte</subfield>
    </datafield>
    <datafield tag="500" ind1=" " ind2=" ">
      <subfield code="a">Vermutlich aus: Atlas maior sive collectio mapparum variis autoribus / 3 ; 112. - Maßstab in graph. Form (Gemeene Duytsche Mylen, Fransche Mylen oste Uren Gaans). - Titel oben Mitte. - Maßstab oben rechts. - Legende oben links. - Relief angedeutet</subfield>
    </datafield>
    <datafield tag="520" ind1="3" ind2="#">
      <subfield code="a">Flandern mit Flüssen, Straßen, Wäldern etc.</subfield>
    </datafield>
    <datafield tag="650" ind1=" " ind2="4">
      <subfield code="a">Altkarte</subfield>
    </datafield>
    <datafield tag="650" ind1=" " ind2="4">
      <subfield code="a">Verwaltungskarte</subfield>
    </datafield>
    <datafield tag="650" ind1=" " ind2="4">
      <subfield code="a">Region</subfield>
    </datafield>
    <datafield tag="651" ind1=" " ind2="4">
      <subfield code="a">Belgien</subfield>
    </datafield>
    <datafield tag="651" ind1=" " ind2="4">
      <subfield code="a">Vlaanderen (Region)</subfield>
    </datafield>
    <datafield tag="700" ind1="2" ind2=" ">
      <subfield code="a">Visscher, Nicolaes (d. J.)</subfield>
    </datafield>
    <datafield tag="841" ind1=" " ind2=" ">
      <subfield code="a">em__</subfield>
      <subfield code="b">1677</subfield>
      <subfield code="c">3</subfield>
    </datafield>
    <datafield tag="852" ind1=" " ind2=" ">
      <subfield code="a">DE-185</subfield>
      <subfield code="c">Historische Abteilung</subfield>
      <subfield code="m">HK 0850</subfield>
      <subfield code="t">180066001</subfield>
    </datafield>
    <datafield tag="856" ind1=" " ind2=" ">
      <subfield code="a">https://ifl.wissensbank.com/fastlink.html?search=180066000</subfield>
      <subfield code="3">permalink</subfield>
    </datafield>
    <datafield tag="856" ind1=" " ind2=" ">
      <subfield code="a">https://ifl.wissensbank.com/cgi-bin/starfetch.exe?OThRDZpb9QyEWBB6xprv2rFTJikE.grexV2dC.sZBhqhcoF6b0IKh.k2.Rm0NZlMfEAXfH1NJ.R4nxEebvjxtQ@cmBliJrZiRSL2eBIL3Ow7TxGxAsGciAwZQl7rOHQx9PlkfPXvGVJcLEqfuWV0Lw/HK850.jpg</subfield>
      <subfield code="3">file</subfield>
    </datafield>
  </record>