
  <record>
    <leader>01250nem  22002893  4500</leader>
    <controlfield tag="001">180067000</controlfield>
    <controlfield tag="003">DE-185</controlfield>
    <controlfield tag="007">ta</controlfield>
    <controlfield tag="008">1677                             i|</controlfield>
    <datafield tag="084" ind1=" " ind2=" ">
      <subfield code="a">RA04.04 Belgien</subfield>
    </datafield>
    <datafield tag="225" ind1=" " ind2=" ">
      <subfield code="c">E 2°02'06"-E 2°58'03"/N 51°09'21"-N 50°37'03"</subfield>
    </datafield>
    <datafield tag="245" ind1="1" ind2="0">
      <subfield code="a">Flandriae Comitatus Pars Occidentalis</subfield>
      <subfield code="b">In Terram Francam Et Ejusdem Subjacentia Officia ; cum Privil. Ord. General. Belgii Foederati</subfield>
      <subfield code="c">per Nicolaum Vissher</subfield>
    </datafield>
    <datafield tag="260" ind1=" " ind2=" ">
      <subfield code="a">Amst. Bat.</subfield>
      <subfield code="c">[zwischen 1677 u. 1679]</subfield>
    </datafield>
    <datafield tag="300" ind1=" " ind2=" ">
      <subfield code="a">1 Kt.</subfield>
      <subfield code="b">kolor.</subfield>
      <subfield code="c">55 x 48 cm</subfield>
    </datafield>
    <datafield tag="337" ind1=" " ind2=" ">
      <subfield code="a">Karte</subfield>
    </datafield>
    <datafield tag="500" ind1=" " ind2=" ">
      <subfield code="a">Maßstab in graph. Form (Gemeene Duytsche Mylen, Fransche Mylen oste Uren Gaans). - Titel oben Mitte. - Maßstab oben rechts. - Legende oben links. - Relief: Einzelberge</subfield>
    </datafield>
    <datafield tag="520" ind1="3" ind2="#">
      <subfield code="a">Westliches Flandern mit Straßen, Wäldern, Flüssen etc.</subfield>
    </datafield>
    <datafield tag="650" ind1=" " ind2="4">
      <subfield code="a">Altkarte</subfield>
    </datafield>
    <datafield tag="651" ind1=" " ind2="4">
      <subfield code="a">Belgien</subfield>
    </datafield>
    <datafield tag="651" ind1=" " ind2="4">
      <subfield code="a">West-Vlaanderen</subfield>
    </datafield>
    <datafield tag="700" ind1="2" ind2=" ">
      <subfield code="a">Visscher, Nicolaes (d. J.)</subfield>
    </datafield>
    <datafield tag="841" ind1=" " ind2=" ">
      <subfield code="a">em__</subfield>
      <subfield code="b">1677</subfield>
      <subfield code="c">3</subfield>
    </datafield>
    <datafield tag="852" ind1=" " ind2=" ">
      <subfield code="a">DE-185</subfield>
      <subfield code="c">Historische Abteilung</subfield>
      <subfield code="m">HK 0851</subfield>
      <subfield code="t">180067001</subfield>
    </datafield>
    <datafield tag="856" ind1=" " ind2=" ">
      <subfield code="a">https://ifl.wissensbank.com/fastlink.html?search=180067000</subfield>
      <subfield code="3">permalink</subfield>
    </datafield>
    <datafield tag="856" ind1=" " ind2=" ">
      <subfield code="a">https://ifl.wissensbank.com/cgi-bin/starfetch.exe?OI350Hp0wz4mDw5xk06swMKa5KLVb1zsMHJmAvhsvkXKSul91Tz0ODBKLPeiWMKnL5w2D26y7rIriDTT3Z3RL9VlwjRqmfUV.r8Ed5Fk96w49Rb50OHogaOasSICFK1@qwRWS0wwAXdzQ4czR9s3dA/HK851.jpg</subfield>
      <subfield code="3">file</subfield>
    </datafield>
  </record>