
  <record>
    <leader>01250nem  22002893  4500</leader>
    <controlfield tag="001">180072000</controlfield>
    <controlfield tag="003">DE-185</controlfield>
    <controlfield tag="007">ta</controlfield>
    <controlfield tag="008">1677                             i|</controlfield>
    <datafield tag="084" ind1=" " ind2=" ">
      <subfield code="a">RA04.04 Belgien</subfield>
    </datafield>
    <datafield tag="225" ind1=" " ind2=" ">
      <subfield code="c">E 4°17'28"-E 5°16'33"/N 51°31'23"-N 50°56'56"</subfield>
    </datafield>
    <datafield tag="245" ind1="1" ind2="0">
      <subfield code="a">Tetrarchiae Antverpiensis Pars Meridionalis</subfield>
      <subfield code="b">Una Cum Mechliniensi Dominio In Ejusdem Ditiones Subjacentes Accuratissime Divisa; cum Privil. Ordin. General. Belgii Foederati</subfield>
      <subfield code="c">per Nicolaum Visscher</subfield>
    </datafield>
    <datafield tag="260" ind1=" " ind2=" ">
      <subfield code="a">Amst. Bat.</subfield>
      <subfield code="c">[zwischen 1677 u. 1679]</subfield>
    </datafield>
    <datafield tag="300" ind1=" " ind2=" ">
      <subfield code="a">1 Kt.</subfield>
      <subfield code="b">teilw. kolor.</subfield>
      <subfield code="c">57 x 48 cm</subfield>
    </datafield>
    <datafield tag="337" ind1=" " ind2=" ">
      <subfield code="a">Karte</subfield>
    </datafield>
    <datafield tag="500" ind1=" " ind2=" ">
      <subfield code="a">Vermutlich aus: Atlas maior sive collectio mapparum variis autoribus / 3 ; 99. - Maßstab in graph. Form (Gemeene Duytsche Mylen, Fransche Mylen oste Uren Gaans). - Titel oben Mitte. - Maßstab oben rechts. - Legende oben links. - Relief angedeutet</subfield>
    </datafield>
    <datafield tag="520" ind1="3" ind2="#">
      <subfield code="a">Umgebung von Antwerpen und Mecheln mit Wäldern, Straßen, Flüssen etc.</subfield>
    </datafield>
    <datafield tag="650" ind1=" " ind2="4">
      <subfield code="a">Altkarte</subfield>
    </datafield>
    <datafield tag="651" ind1=" " ind2="4">
      <subfield code="a">Belgien</subfield>
    </datafield>
    <datafield tag="651" ind1=" " ind2="4">
      <subfield code="a">Antwerpen (reg.)</subfield>
    </datafield>
    <datafield tag="700" ind1="2" ind2=" ">
      <subfield code="a">Visscher, Nicolaes (d. J.)</subfield>
    </datafield>
    <datafield tag="841" ind1=" " ind2=" ">
      <subfield code="a">em__</subfield>
      <subfield code="b">1677</subfield>
      <subfield code="c">3</subfield>
    </datafield>
    <datafield tag="852" ind1=" " ind2=" ">
      <subfield code="a">DE-185</subfield>
      <subfield code="c">Historische Abteilung</subfield>
      <subfield code="m">HK 0855</subfield>
      <subfield code="t">180072001</subfield>
    </datafield>
    <datafield tag="856" ind1=" " ind2=" ">
      <subfield code="a">https://ifl.wissensbank.com/fastlink.html?search=180072000</subfield>
      <subfield code="3">permalink</subfield>
    </datafield>
    <datafield tag="856" ind1=" " ind2=" ">
      <subfield code="a">https://ifl.wissensbank.com/cgi-bin/starfetch.exe?.1up4evpptWYptlgC7z9KhZpskTTkR4HBXNzYYFa7nstwsIsGOhOLyinZ6no6ObM05GFI8nCDyroNDkzn.ftQRauo7Du9u3kWIMp71iv.t9Rsmza13vKgt@j0XTOqc9gZOV@u@IBfb8wPgfKmUYUlA/HK855.jpg</subfield>
      <subfield code="3">file</subfield>
    </datafield>
  </record>