
  <record>
    <leader>01250nem  22002893  4500</leader>
    <controlfield tag="001">180073000</controlfield>
    <controlfield tag="003">DE-185</controlfield>
    <controlfield tag="007">ta</controlfield>
    <controlfield tag="008">1677                             i|</controlfield>
    <datafield tag="084" ind1=" " ind2=" ">
      <subfield code="a">RA04.03 Niederlande</subfield>
    </datafield>
    <datafield tag="084" ind1=" " ind2=" ">
      <subfield code="a">RA04.04 Belgien</subfield>
    </datafield>
    <datafield tag="225" ind1=" " ind2=" ">
      <subfield code="c">E 4°05'00"-E 5°08'00"/N 51°46'00"-N 51°15'00"</subfield>
    </datafield>
    <datafield tag="245" ind1="1" ind2="0">
      <subfield code="a">Brabantiae Batavae Pars Occidentalis, Sive Antverpiensis Tetrarchiae Pars Septentrionalis</subfield>
      <subfield code="b">Comprehendens Baroniam, Bredanam, Marchionatum Bergensem Ad Zomam, aliasque minores ditiones ; cum Privil. Ordin. General. Belgii Foederati</subfield>
      <subfield code="c">per Nicolaum Visscher</subfield>
    </datafield>
    <datafield tag="260" ind1=" " ind2=" ">
      <subfield code="a">Amst. Bat.</subfield>
      <subfield code="c">[zwischen 1677 u. 1679]</subfield>
    </datafield>
    <datafield tag="300" ind1=" " ind2=" ">
      <subfield code="a">1 Kt.</subfield>
      <subfield code="b">teilw. kolor.</subfield>
      <subfield code="c">56 x 46 cm</subfield>
    </datafield>
    <datafield tag="337" ind1=" " ind2=" ">
      <subfield code="a">Karte</subfield>
    </datafield>
    <datafield tag="500" ind1=" " ind2=" ">
      <subfield code="a">Vermutlich aus: Atlas maior sive collectio mapparum variis autoribus / 3 ; 95. - Maßstab in graph. Form (Gemeene Duytsche Myle, Fransche Mylen oste Uren Gaans). - Titel oben Mitte. - Maßstab oben rechts. - Legende oben links. - Relief angedeutet</subfield>
    </datafield>
    <datafield tag="520" ind1="3" ind2="#">
      <subfield code="a">Westliches Brabant mit Wäldern, Straßen, Flüssen etc.</subfield>
    </datafield>
    <datafield tag="650" ind1=" " ind2="4">
      <subfield code="a">Altkarte</subfield>
    </datafield>
    <datafield tag="650" ind1=" " ind2="4">
      <subfield code="a">Region</subfield>
    </datafield>
    <datafield tag="651" ind1=" " ind2="4">
      <subfield code="a">Niederlande</subfield>
    </datafield>
    <datafield tag="651" ind1=" " ind2="4">
      <subfield code="a">Belgien</subfield>
    </datafield>
    <datafield tag="651" ind1=" " ind2="4">
      <subfield code="a">Flandern</subfield>
    </datafield>
    <datafield tag="651" ind1=" " ind2="4">
      <subfield code="a">Vlaanderen (Region)</subfield>
    </datafield>
    <datafield tag="700" ind1="2" ind2=" ">
      <subfield code="a">Visscher, Nicolaes (d. J.)</subfield>
    </datafield>
    <datafield tag="841" ind1=" " ind2=" ">
      <subfield code="a">em__</subfield>
      <subfield code="b">1677</subfield>
      <subfield code="c">3</subfield>
    </datafield>
    <datafield tag="852" ind1=" " ind2=" ">
      <subfield code="a">DE-185</subfield>
      <subfield code="c">Historische Abteilung</subfield>
      <subfield code="m">HK 0856</subfield>
      <subfield code="t">180073001</subfield>
    </datafield>
    <datafield tag="856" ind1=" " ind2=" ">
      <subfield code="a">https://ifl.wissensbank.com/fastlink.html?search=180073000</subfield>
      <subfield code="3">permalink</subfield>
    </datafield>
    <datafield tag="856" ind1=" " ind2=" ">
      <subfield code="a">https://ifl.wissensbank.com/cgi-bin/starfetch.exe?1WcDMmfUtzRvyqgcL9f0yaYaXIIx.dD7rhBc5GjVaSFUacamzipVkxgNxIDaqhJVzz.fAK5FNMDeIMebbvt0hOvGGnEfK0G1D3CiHuycWgFBKAIxYYu3paxEpUoBac.B9keZ7om06J9eHoP8Iz5.KA/HK856.jpg</subfield>
      <subfield code="3">file</subfield>
    </datafield>
  </record>