
  <record>
    <leader>01250nem  22002893  4500</leader>
    <controlfield tag="001">180079000</controlfield>
    <controlfield tag="003">DE-185</controlfield>
    <controlfield tag="007">ta</controlfield>
    <controlfield tag="008">1825                             i|ger</controlfield>
    <datafield tag="041" ind1=" " ind2=" ">
      <subfield code="a">ger</subfield>
    </datafield>
    <datafield tag="084" ind1=" " ind2=" ">
      <subfield code="a">RA Europa</subfield>
    </datafield>
    <datafield tag="225" ind1=" " ind2=" ">
      <subfield code="c">W 27°04'00"-E 59°48'00"/N 71°41'00"-N 31°47'00"</subfield>
    </datafield>
    <datafield tag="245" ind1="1" ind2="0">
      <subfield code="a">Europa</subfield>
      <subfield code="c">gezeichnet von J. Blume, Königlich Preussischem Artillerie, herausgegeben von Carl von Seydliz, Königl. Major u. Ober-Garnison Verwalt. Inspector, verlegt von Mazzuchi. Lithographirt von A. Platt</subfield>
    </datafield>
    <datafield tag="260" ind1=" " ind2=" ">
      <subfield code="a">Magdeburg</subfield>
      <subfield code="b">Mazzuchi</subfield>
      <subfield code="c">1825</subfield>
    </datafield>
    <datafield tag="300" ind1=" " ind2=" ">
      <subfield code="a">1 Kt.</subfield>
      <subfield code="b">Grenzen kolor.</subfield>
      <subfield code="c">64 x 54 cm</subfield>
    </datafield>
    <datafield tag="337" ind1=" " ind2=" ">
      <subfield code="a">Karte</subfield>
    </datafield>
    <datafield tag="500" ind1=" " ind2=" ">
      <subfield code="a">Titel oberhalb des Kt.-Feldes. - Mit statist. Tab. unten rechts. - Legende unten links. - Nullmeridian: Ferro. - Relief: Mit Bergstrichen</subfield>
    </datafield>
    <datafield tag="520" ind1="3" ind2="#">
      <subfield code="a">Europa mit Städten, Gebirgen, Flüssen etc.</subfield>
    </datafield>
    <datafield tag="650" ind1=" " ind2="4">
      <subfield code="a">Altkarte</subfield>
    </datafield>
    <datafield tag="651" ind1=" " ind2="4">
      <subfield code="a">Europa</subfield>
    </datafield>
    <datafield tag="700" ind1="2" ind2=" ">
      <subfield code="a">Blume, J.</subfield>
    </datafield>
    <datafield tag="700" ind1="2" ind2=" ">
      <subfield code="a">Platt, Albrecht</subfield>
    </datafield>
    <datafield tag="700" ind1="2" ind2=" ">
      <subfield code="a">Seydlitz, Karl von</subfield>
    </datafield>
    <datafield tag="700" ind1="2" ind2=" ">
      <subfield code="a">Mazzucchi, G.</subfield>
    </datafield>
    <datafield tag="841" ind1=" " ind2=" ">
      <subfield code="a">em__</subfield>
      <subfield code="b">1825</subfield>
      <subfield code="c">3</subfield>
    </datafield>
    <datafield tag="852" ind1=" " ind2=" ">
      <subfield code="a">DE-185</subfield>
      <subfield code="c">Historische Abteilung</subfield>
      <subfield code="m">HK 0859</subfield>
      <subfield code="t">180079001</subfield>
    </datafield>
    <datafield tag="856" ind1=" " ind2=" ">
      <subfield code="a">https://ifl.wissensbank.com/fastlink.html?search=180079000</subfield>
      <subfield code="3">permalink</subfield>
    </datafield>
    <datafield tag="856" ind1=" " ind2=" ">
      <subfield code="a">https://ifl.wissensbank.com/cgi-bin/starfetch.exe?mZ1eRyVMRz7pi8Uig0SxHve93VJTgM3KcJuqlJ@CQf5gpK00G@.ikhghuwxqY0HLIhixZaXkjp666pF5Ce7b@ez0tJ78w2ruPRMffVvC29pXIG3LuLqhOp0flL5xOf0ftuRIRHZvZNLumofRhDWWhw/HK859.jpg</subfield>
      <subfield code="3">file</subfield>
    </datafield>
  </record>