
  <record>
    <leader>01250nem  22002893  4500</leader>
    <controlfield tag="001">180081000</controlfield>
    <controlfield tag="003">DE-185</controlfield>
    <controlfield tag="007">ta</controlfield>
    <controlfield tag="008">1849                             i|ger</controlfield>
    <datafield tag="041" ind1=" " ind2=" ">
      <subfield code="a">ger</subfield>
    </datafield>
    <datafield tag="084" ind1=" " ind2=" ">
      <subfield code="a">RA03.04 Dänemark</subfield>
    </datafield>
    <datafield tag="084" ind1=" " ind2=" ">
      <subfield code="a">RA05.01 Deutschland</subfield>
    </datafield>
    <datafield tag="225" ind1=" " ind2=" ">
      <subfield code="c">E 7°40'00"-E 14°01'00"/N 57°38'00"-N 53°21'00"</subfield>
    </datafield>
    <datafield tag="245" ind1="1" ind2="0">
      <subfield code="a">Das Königreich Dänemark Und die Herzogthümer Schleswig, Holstein und Lauenburg, so wie die Gebiete der freien Städte Hamburg und Lübeck</subfield>
      <subfield code="c">Nach Originalkarten neu entworfen und gezeichnet von A. H. Köhler, Oberlieutnant im Kön. Sachs. Ing. Corps, durchgesehen und ergänzt von F. Geerz, Landwege-Conducteur in den Herzogthümern Schleswig und Holstein</subfield>
    </datafield>
    <datafield tag="260" ind1=" " ind2=" ">
      <subfield code="a">Leipzig</subfield>
      <subfield code="b">Verlag der J. C. Hinrichs'schen Buch- u. Landkartenhandlung</subfield>
      <subfield code="c">1849</subfield>
    </datafield>
    <datafield tag="300" ind1=" " ind2=" ">
      <subfield code="a">1 Kt.</subfield>
      <subfield code="b">Grenzen kolor.</subfield>
      <subfield code="c">40 x 48 cm</subfield>
    </datafield>
    <datafield tag="337" ind1=" " ind2=" ">
      <subfield code="a">Karte</subfield>
    </datafield>
    <datafield tag="500" ind1=" " ind2=" ">
      <subfield code="a">Vermutlich aus: Neuer Atlas Der Ganzen Erde : nach den neuesten Bestimmungen für Zeitungsleser, Kauf- und Geschaeftsleute jeder Art, Gymnasien und Schulen, mit besonderer Rücksicht auf die geographischen Werke von C. G. D. Stein / In 27 Karten, grösstentheils neu entworfen und gezeichnet von A. H. Köhler, A. Leutemann, K. F. Muhlert, C. G. Riedig, F. W. Streit und gestochen von H. Leutemann, nebst sieben historischen Zeittafeln und statistischen Tabellen und Uebersichten ; 13 . - Maßstab in graph. Form (Dänische Meilen, Deutsche oder geographische Meilen). - Titel und Maßstab unten rechts. - Legende unten links. - Mit 1 Stadtplan: Grundriss von Kopenhagen-Kjöbenhavn. - Mit 3 Nebenkt.: Die Far-Öer. Ins. Bornholm. Island. - Nullmeridian: Ferro. - Relief: Mit Bergstrichen</subfield>
    </datafield>
    <datafield tag="520" ind1="3" ind2="#">
      <subfield code="a">Dänemark mit Städten, Flüssen, Gebirgen etc.</subfield>
    </datafield>
    <datafield tag="650" ind1=" " ind2="4">
      <subfield code="a">Altkarte</subfield>
    </datafield>
    <datafield tag="650" ind1=" " ind2="4">
      <subfield code="a">Topographische Karte</subfield>
    </datafield>
    <datafield tag="650" ind1=" " ind2="4">
      <subfield code="a">Land</subfield>
    </datafield>
    <datafield tag="651" ind1=" " ind2="4">
      <subfield code="a">Dänemark</subfield>
    </datafield>
    <datafield tag="651" ind1=" " ind2="4">
      <subfield code="a">Deutschland</subfield>
    </datafield>
    <datafield tag="651" ind1=" " ind2="4">
      <subfield code="a">Schleswig-Holstein</subfield>
    </datafield>
    <datafield tag="700" ind1="2" ind2=" ">
      <subfield code="a">Geerz, Franz</subfield>
    </datafield>
    <datafield tag="700" ind1="2" ind2=" ">
      <subfield code="a">Koehler, A. H.</subfield>
    </datafield>
    <datafield tag="700" ind1="2" ind2=" ">
      <subfield code="a">Hinrichs, Johann Conrad</subfield>
    </datafield>
    <datafield tag="841" ind1=" " ind2=" ">
      <subfield code="a">em__</subfield>
      <subfield code="b">1849</subfield>
      <subfield code="c">3</subfield>
    </datafield>
    <datafield tag="852" ind1=" " ind2=" ">
      <subfield code="a">DE-185</subfield>
      <subfield code="c">Historische Abteilung</subfield>
      <subfield code="m">HK 0861</subfield>
      <subfield code="t">180081001</subfield>
    </datafield>
    <datafield tag="856" ind1=" " ind2=" ">
      <subfield code="a">https://ifl.wissensbank.com/fastlink.html?search=180081000</subfield>
      <subfield code="3">permalink</subfield>
    </datafield>
    <datafield tag="856" ind1=" " ind2=" ">
      <subfield code="a">https://ifl.wissensbank.com/cgi-bin/starfetch.exe?U4@g6VlimAu8N.Xl9SqwBtL6LWcgLugWHAqTttjabfmSC3bnUihRyFGeSGceoGz0jgKd@@bTEaA0P9mMY1UuFwNkDKMjop.w5FoGxnKWleDpMYwuMc1jusSvRqkhRqv1E1a1fJespaMk8YMuoHTgMw/HK%200861.jpg</subfield>
      <subfield code="3">file</subfield>
    </datafield>
  </record>