
  <record>
    <leader>01250nem  22002893  4500</leader>
    <controlfield tag="001">180086000</controlfield>
    <controlfield tag="003">DE-185</controlfield>
    <controlfield tag="007">ta</controlfield>
    <controlfield tag="008">1804                             i|ger</controlfield>
    <datafield tag="041" ind1=" " ind2=" ">
      <subfield code="a">ger</subfield>
    </datafield>
    <datafield tag="084" ind1=" " ind2=" ">
      <subfield code="a">RD04 Südamerika</subfield>
    </datafield>
    <datafield tag="225" ind1=" " ind2=" ">
      <subfield code="c">W 82°37'00"-W 31°59'00"/N 12°46'00"-S 56°04'00"</subfield>
    </datafield>
    <datafield tag="245" ind1="1" ind2="0">
      <subfield code="a">Süd-America</subfield>
      <subfield code="c">aus den zuverlässigsten Nachrichten und nach den bewährtesten Bestimmungen entworfen von C. G. Reichard</subfield>
    </datafield>
    <datafield tag="260" ind1=" " ind2=" ">
      <subfield code="a">Weimar</subfield>
      <subfield code="b">Verlag des Geographischen Instituts</subfield>
      <subfield code="c">1804</subfield>
    </datafield>
    <datafield tag="300" ind1=" " ind2=" ">
      <subfield code="a">1 Kt.</subfield>
      <subfield code="b">Grenzen kolor.</subfield>
      <subfield code="c">51 x 69 cm</subfield>
    </datafield>
    <datafield tag="337" ind1=" " ind2=" ">
      <subfield code="a">Karte</subfield>
    </datafield>
    <datafield tag="500" ind1=" " ind2=" ">
      <subfield code="a">Vermutlich aus: Allgemeiner Hand-Atlas der Ganzen Erde ; 59. - Maßstab in graph. Form (Geographische Meilen, Leguas). - Titel und Legende unten rechts. - Maßstab unten links. - Relief: Mit Bergstrichen</subfield>
    </datafield>
    <datafield tag="520" ind1="3" ind2="#">
      <subfield code="a">Südamerika mit Städten, Gebirgen, Flüssen etc.</subfield>
    </datafield>
    <datafield tag="650" ind1=" " ind2="4">
      <subfield code="a">Altkarte</subfield>
    </datafield>
    <datafield tag="651" ind1=" " ind2="4">
      <subfield code="a">Südamerika</subfield>
    </datafield>
    <datafield tag="700" ind1="2" ind2=" ">
      <subfield code="a">Reichard, Christian Gottlieb</subfield>
    </datafield>
    <datafield tag="841" ind1=" " ind2=" ">
      <subfield code="a">em__</subfield>
      <subfield code="b">1804</subfield>
      <subfield code="c">3</subfield>
    </datafield>
    <datafield tag="852" ind1=" " ind2=" ">
      <subfield code="a">DE-185</subfield>
      <subfield code="c">Historische Abteilung</subfield>
      <subfield code="m">HK 0867</subfield>
      <subfield code="t">180086001</subfield>
    </datafield>
    <datafield tag="856" ind1=" " ind2=" ">
      <subfield code="a">https://ifl.wissensbank.com/fastlink.html?search=180086000</subfield>
      <subfield code="3">permalink</subfield>
    </datafield>
    <datafield tag="856" ind1=" " ind2=" ">
      <subfield code="a">https://ifl.wissensbank.com/cgi-bin/starfetch.exe?vhdy8c6rZ.gxtYJWakHaC548lZVfS1ZJ227nIikT4uyatJ4w1KYmKzS7XfkyUYp8.G6LZymX9m84YiW2xj70gRymCyIV@UCnpAkqVRYZvdyGc78nWOIFrH9X7iXGQi2wESNwztz4cfblc@2c2Abi1Q/HK867.jpg</subfield>
      <subfield code="3">file</subfield>
    </datafield>
  </record>