
  <record>
    <leader>01250nem  22002893  4500</leader>
    <controlfield tag="001">180087000</controlfield>
    <controlfield tag="003">DE-185</controlfield>
    <controlfield tag="007">ta</controlfield>
    <controlfield tag="008">1817                             i|eng</controlfield>
    <datafield tag="041" ind1=" " ind2=" ">
      <subfield code="a">eng</subfield>
    </datafield>
    <datafield tag="084" ind1=" " ind2=" ">
      <subfield code="a">RI03.01 China</subfield>
    </datafield>
    <datafield tag="225" ind1=" " ind2=" ">
      <subfield code="c">E 122°07'04"-E 122°17'08"/N 37°32'38"-N 37°25'18"</subfield>
    </datafield>
    <datafield tag="245" ind1="1" ind2="0">
      <subfield code="a">Plan Of Oie-Hai-Oie Harbour</subfield>
      <subfield code="c">by Lieu[tenan]t John Crawford. Published by James Horsburgh, Hydrographer to the Hon[ora]ble E[ast] I[ndia] Comp[an]y Oct[obe]r 25[t]h 1817, according to Act of Parliament</subfield>
    </datafield>
    <datafield tag="260" ind1=" " ind2=" ">
      <subfield code="a">[London]</subfield>
      <subfield code="b">James Horsburgh</subfield>
      <subfield code="c">1817</subfield>
    </datafield>
    <datafield tag="300" ind1=" " ind2=" ">
      <subfield code="a">1 Kt.</subfield>
      <subfield code="b">unkolor.</subfield>
      <subfield code="c">31 x 27 cm</subfield>
    </datafield>
    <datafield tag="337" ind1=" " ind2=" ">
      <subfield code="a">Karte</subfield>
    </datafield>
    <datafield tag="500" ind1=" " ind2=" ">
      <subfield code="a">Maßstab in graph. Form (Geographic Miles). - Titel oben links. - Maßstab oben rechts. - Ohne Kt.-Netz. - Mit Tiefenangaben. - Relief: Mit Bergstrichen</subfield>
    </datafield>
    <datafield tag="520" ind1="3" ind2="#">
      <subfield code="a">Küste von Weihai</subfield>
    </datafield>
    <datafield tag="650" ind1=" " ind2="4">
      <subfield code="a">Küste</subfield>
    </datafield>
    <datafield tag="650" ind1=" " ind2="4">
      <subfield code="a">Hafen</subfield>
    </datafield>
    <datafield tag="650" ind1=" " ind2="4">
      <subfield code="a">Altkarte</subfield>
    </datafield>
    <datafield tag="650" ind1=" " ind2="4">
      <subfield code="a">Bucht</subfield>
    </datafield>
    <datafield tag="651" ind1=" " ind2="4">
      <subfield code="a">China</subfield>
    </datafield>
    <datafield tag="651" ind1=" " ind2="4">
      <subfield code="a">Weihai</subfield>
    </datafield>
    <datafield tag="700" ind1="2" ind2=" ">
      <subfield code="a">Crawford, John</subfield>
    </datafield>
    <datafield tag="700" ind1="2" ind2=" ">
      <subfield code="a">Horsburgh, James</subfield>
    </datafield>
    <datafield tag="841" ind1=" " ind2=" ">
      <subfield code="a">em__</subfield>
      <subfield code="b">1817</subfield>
      <subfield code="c">3</subfield>
    </datafield>
    <datafield tag="852" ind1=" " ind2=" ">
      <subfield code="a">DE-185</subfield>
      <subfield code="c">Historische Abteilung</subfield>
      <subfield code="m">HK 0868</subfield>
      <subfield code="t">180087001</subfield>
    </datafield>
    <datafield tag="856" ind1=" " ind2=" ">
      <subfield code="a">https://ifl.wissensbank.com/fastlink.html?search=180087000</subfield>
      <subfield code="3">permalink</subfield>
    </datafield>
    <datafield tag="856" ind1=" " ind2=" ">
      <subfield code="a">https://ifl.wissensbank.com/cgi-bin/starfetch.exe?ERW7Tswsg1U3g7vEfJ@ldgeHzgZ0i13mLpl5E1MIVa3tZLe2pDekQrWYY3KvNBkGkuXAvzD0CvGdGapX8vv2VGM6D9saB28P0PU2ZhG3B@vLsQ2miRVlCzWB8X2xa5yXE1AemjHBr5f4@WHmEkA6hg/HK%200868.jpg</subfield>
      <subfield code="3">file</subfield>
    </datafield>
  </record>