
  <record>
    <leader>01250nem  22002893  4500</leader>
    <controlfield tag="001">180088000</controlfield>
    <controlfield tag="003">DE-185</controlfield>
    <controlfield tag="007">ta</controlfield>
    <controlfield tag="008">1828                             i|eng</controlfield>
    <datafield tag="041" ind1=" " ind2=" ">
      <subfield code="a">eng</subfield>
    </datafield>
    <datafield tag="084" ind1=" " ind2=" ">
      <subfield code="a">RC01 Kanada</subfield>
    </datafield>
    <datafield tag="084" ind1=" " ind2=" ">
      <subfield code="a">RC02 Vereinigte Staaten</subfield>
    </datafield>
    <datafield tag="225" ind1=" " ind2=" ">
      <subfield code="c">W 84°38'04"-W 84°19'53"/N 46°32'26"-N 46°24'17"</subfield>
    </datafield>
    <datafield tag="245" ind1="1" ind2="0">
      <subfield code="a">A Survey of St. Mary's River</subfield>
      <subfield code="b">From the Rapids to the entrance of Lake Superior</subfield>
      <subfield code="c">by Lieut. Henry Wm. Bayfield RN. and Mr. Philip E. Collins Mid[shipma]n Assistant. J. &amp; C. Walker Sculpt. Published according to Act of Parliament at the Hydrographical Office of the Admiralty 13.th Feb[ruar]y 1828</subfield>
    </datafield>
    <datafield tag="260" ind1=" " ind2=" ">
      <subfield code="a">London</subfield>
      <subfield code="b">Hydrographical Office</subfield>
      <subfield code="c">1828</subfield>
    </datafield>
    <datafield tag="300" ind1=" " ind2=" ">
      <subfield code="a">1 Kt.</subfield>
      <subfield code="b">unkolor.</subfield>
      <subfield code="c">46 x 28 cm</subfield>
    </datafield>
    <datafield tag="337" ind1=" " ind2=" ">
      <subfield code="a">Karte</subfield>
    </datafield>
    <datafield tag="500" ind1=" " ind2=" ">
      <subfield code="a">Maßstab in graph. Form (Fathoms). - Titel und Maßstab unten rechts. - Ohne Kt.-Netz. - Mit Tiefenangaben. - Relief: Mit Bergstrichen</subfield>
    </datafield>
    <datafield tag="520" ind1="3" ind2="#">
      <subfield code="a">Karte vom St. Marys River</subfield>
    </datafield>
    <datafield tag="650" ind1=" " ind2="4">
      <subfield code="a">Altkarte</subfield>
    </datafield>
    <datafield tag="650" ind1=" " ind2="4">
      <subfield code="a">Fluss</subfield>
    </datafield>
    <datafield tag="651" ind1=" " ind2="4">
      <subfield code="a">Kanada</subfield>
    </datafield>
    <datafield tag="651" ind1=" " ind2="4">
      <subfield code="a">USA</subfield>
    </datafield>
    <datafield tag="651" ind1=" " ind2="4">
      <subfield code="a">Saint Marys River</subfield>
    </datafield>
    <datafield tag="700" ind1="2" ind2=" ">
      <subfield code="a">Walker, John</subfield>
    </datafield>
    <datafield tag="700" ind1="2" ind2=" ">
      <subfield code="a">Walker, Charles</subfield>
    </datafield>
    <datafield tag="700" ind1="2" ind2=" ">
      <subfield code="a">Bayfield, Henry Wolsey</subfield>
    </datafield>
    <datafield tag="700" ind1="2" ind2=" ">
      <subfield code="a">Collins, Philip Edward</subfield>
    </datafield>
    <datafield tag="841" ind1=" " ind2=" ">
      <subfield code="a">em__</subfield>
      <subfield code="b">1828</subfield>
      <subfield code="c">3</subfield>
    </datafield>
    <datafield tag="852" ind1=" " ind2=" ">
      <subfield code="a">DE-185</subfield>
      <subfield code="c">Historische Abteilung</subfield>
      <subfield code="m">HK 0869</subfield>
      <subfield code="t">180088001</subfield>
    </datafield>
    <datafield tag="856" ind1=" " ind2=" ">
      <subfield code="a">https://ifl.wissensbank.com/fastlink.html?search=180088000</subfield>
      <subfield code="3">permalink</subfield>
    </datafield>
    <datafield tag="856" ind1=" " ind2=" ">
      <subfield code="a">https://ifl.wissensbank.com/cgi-bin/starfetch.exe?Onu17WHSyKutbY5k2M4qOGdOmVvUuN4mmfF9AX21q1Osw8aXQVV5UPkKAgDKG3UwPLRFKwqtjdFtofSYhNbobsJVbfhcsygnGRgnsLtceLJHSASYG6o3hqtpH8WzhljRmP43y7xMTfgF4sKw9HmFcA/HK%200869.jpg</subfield>
      <subfield code="3">file</subfield>
    </datafield>
  </record>