
  <record>
    <leader>01250nem  22002893  4500</leader>
    <controlfield tag="001">180112000</controlfield>
    <controlfield tag="003">DE-185</controlfield>
    <controlfield tag="007">ta</controlfield>
    <controlfield tag="008">1888                             i|por</controlfield>
    <datafield tag="041" ind1=" " ind2=" ">
      <subfield code="a">por</subfield>
    </datafield>
    <datafield tag="084" ind1=" " ind2=" ">
      <subfield code="a">RF03.11 Angola</subfield>
    </datafield>
    <datafield tag="225" ind1=" " ind2=" ">
      <subfield code="c">E 12°00'14"-E 12°24'33"/S 5°26'37"-S 6°02'51"</subfield>
    </datafield>
    <datafield tag="245" ind1="1" ind2="0">
      <subfield code="a">Reconheceimento hydrographico da Ponta Banana Á Bahia De Cabinda</subfield>
      <subfield code="b">Costa Occidental D'Africa Provinçia D'Angola</subfield>
      <subfield code="c">Levantado em março de 1887 por E. A. Gomes de Souza, tenente da armada</subfield>
    </datafield>
    <datafield tag="260" ind1=" " ind2=" ">
      <subfield code="a">[Lisboa]</subfield>
      <subfield code="b">Commissao De Cartographia</subfield>
      <subfield code="c">1888</subfield>
    </datafield>
    <datafield tag="300" ind1=" " ind2=" ">
      <subfield code="a">1 Kt.</subfield>
      <subfield code="b">flächenkolor.</subfield>
      <subfield code="c">29 x 40 cm</subfield>
    </datafield>
    <datafield tag="337" ind1=" " ind2=" ">
      <subfield code="a">Karte</subfield>
    </datafield>
    <datafield tag="500" ind1=" " ind2=" ">
      <subfield code="a">Maßstab in graph. Form (kilom.). - Titel, Maßstab und Legende unten links. - Mit Tiefenangaben. - Ohne Relief</subfield>
    </datafield>
    <datafield tag="520" ind1="3" ind2="#">
      <subfield code="a">Küste von Angola mit Küstenverlauf</subfield>
    </datafield>
    <datafield tag="650" ind1=" " ind2="4">
      <subfield code="a">Altkarte</subfield>
    </datafield>
    <datafield tag="650" ind1=" " ind2="4">
      <subfield code="a">Küste</subfield>
    </datafield>
    <datafield tag="651" ind1=" " ind2="4">
      <subfield code="a">Angola</subfield>
    </datafield>
    <datafield tag="700" ind1="2" ind2=" ">
      <subfield code="a">Sousa, E. A. Gomes de</subfield>
    </datafield>
    <datafield tag="700" ind1="2" ind2=" ">
      <subfield code="a">Carvalho, ...</subfield>
    </datafield>
    <datafield tag="841" ind1=" " ind2=" ">
      <subfield code="a">em__</subfield>
      <subfield code="b">1888</subfield>
      <subfield code="c">3</subfield>
    </datafield>
    <datafield tag="852" ind1=" " ind2=" ">
      <subfield code="a">DE-185</subfield>
      <subfield code="c">Historische Abteilung</subfield>
      <subfield code="m">HK 0879</subfield>
      <subfield code="t">180112001</subfield>
    </datafield>
    <datafield tag="856" ind1=" " ind2=" ">
      <subfield code="a">https://ifl.wissensbank.com/fastlink.html?search=180112000</subfield>
      <subfield code="3">permalink</subfield>
    </datafield>
    <datafield tag="856" ind1=" " ind2=" ">
      <subfield code="a">https://ifl.wissensbank.com/cgi-bin/starfetch.exe?JG11HbFIiHBJTorVCyqU3Hfw1NNSjD0FrTFTp.X@wiPA1BUNHEJw5nQNxMI86qbavsQWq6ZeHddBxr3y@CjfmiaPKFXuYVh1sZpCvRGj9SukaHpJ9rse0@v@iyMwzp8xNKXgX2p6Lot5tpPaXQIHrw/HK%200879.jpg</subfield>
      <subfield code="3">file</subfield>
    </datafield>
  </record>