
  <record>
    <leader>01250nem  22002893  4500</leader>
    <controlfield tag="001">180114000</controlfield>
    <controlfield tag="003">DE-185</controlfield>
    <controlfield tag="007">ta</controlfield>
    <controlfield tag="008">1888                             i|por</controlfield>
    <datafield tag="041" ind1=" " ind2=" ">
      <subfield code="a">por</subfield>
    </datafield>
    <datafield tag="084" ind1=" " ind2=" ">
      <subfield code="a">RF03.11 Angola</subfield>
    </datafield>
    <datafield tag="225" ind1=" " ind2=" ">
      <subfield code="c">E 13°02'22"-E 13°03'37"/S 7°41'47"-S 7°43'34"</subfield>
    </datafield>
    <datafield tag="245" ind1="1" ind2="0">
      <subfield code="a">Plano Hydrographico Da Enseada Do Quicembo</subfield>
      <subfield code="b">Costa Occidental D'Africa Provinçia D'Angola</subfield>
      <subfield code="c">Levantado pelos officiaes da armada Alves Branco, Hypacio de Brion e Alfredo Howell</subfield>
    </datafield>
    <datafield tag="260" ind1=" " ind2=" ">
      <subfield code="a">[Lisboa]</subfield>
      <subfield code="b">Commissao De Cartographia</subfield>
      <subfield code="c">1888</subfield>
    </datafield>
    <datafield tag="300" ind1=" " ind2=" ">
      <subfield code="a">1 Kt.</subfield>
      <subfield code="b">unkolor.</subfield>
      <subfield code="c">27 x 39 cm</subfield>
    </datafield>
    <datafield tag="337" ind1=" " ind2=" ">
      <subfield code="a">Karte</subfield>
    </datafield>
    <datafield tag="500" ind1=" " ind2=" ">
      <subfield code="a">Maßstab in graph. Form (milha). - Titel oben rechts. - Legende und Maßstab unten links. - Profilansicht unten Mitte. - Mit Tiefenangaben. - Relief: angedeutet</subfield>
    </datafield>
    <datafield tag="520" ind1="3" ind2="#">
      <subfield code="a">Küstenabschnitt von Angola</subfield>
    </datafield>
    <datafield tag="650" ind1=" " ind2="4">
      <subfield code="a">Altkarte</subfield>
    </datafield>
    <datafield tag="650" ind1=" " ind2="4">
      <subfield code="a">Küste</subfield>
    </datafield>
    <datafield tag="651" ind1=" " ind2="4">
      <subfield code="a">Angola</subfield>
    </datafield>
    <datafield tag="700" ind1="2" ind2=" ">
      <subfield code="a">Howell, Alfredo G.</subfield>
    </datafield>
    <datafield tag="700" ind1="2" ind2=" ">
      <subfield code="a">Branco, Alves</subfield>
    </datafield>
    <datafield tag="700" ind1="2" ind2=" ">
      <subfield code="a">Brion, Hypacio de</subfield>
    </datafield>
    <datafield tag="841" ind1=" " ind2=" ">
      <subfield code="a">em__</subfield>
      <subfield code="b">1888</subfield>
      <subfield code="c">3</subfield>
    </datafield>
    <datafield tag="852" ind1=" " ind2=" ">
      <subfield code="a">DE-185</subfield>
      <subfield code="c">Historische Abteilung</subfield>
      <subfield code="m">HK 0880</subfield>
      <subfield code="t">180114001</subfield>
    </datafield>
    <datafield tag="856" ind1=" " ind2=" ">
      <subfield code="a">https://ifl.wissensbank.com/fastlink.html?search=180114000</subfield>
      <subfield code="3">permalink</subfield>
    </datafield>
    <datafield tag="856" ind1=" " ind2=" ">
      <subfield code="a">https://ifl.wissensbank.com/cgi-bin/starfetch.exe?nH4tSTnNufEd7rYB5.N2poVBdtz.fGz5OowAbvHydB9G6jSgtVxnZtrfV73bqv7VKJ194U9XlcqcXZIjdKxDoz5nu4l6JGnYuv2cCiqecvgejt74r8k5xjE7kR8wbq.7QpTJ75u6R588WAGEI0W7Bg/HK%200880.jpg</subfield>
      <subfield code="3">file</subfield>
    </datafield>
  </record>