
  <record>
    <leader>01250nem  22002893  4500</leader>
    <controlfield tag="001">180116000</controlfield>
    <controlfield tag="003">DE-185</controlfield>
    <controlfield tag="007">ta</controlfield>
    <controlfield tag="008">1811                             i|fre</controlfield>
    <datafield tag="041" ind1=" " ind2=" ">
      <subfield code="a">fre</subfield>
    </datafield>
    <datafield tag="084" ind1=" " ind2=" ">
      <subfield code="a">RA04.06 Frankreich</subfield>
    </datafield>
    <datafield tag="225" ind1=" " ind2=" ">
      <subfield code="c">W 5°26'00"-E 15°38'00"/N 55°04'00"-N 41°18'00"</subfield>
    </datafield>
    <datafield tag="245" ind1="1" ind2="0">
      <subfield code="a">Charte von Frankreich</subfield>
      <subfield code="b">Mit Königl. Baier. allergn. Freyheit</subfield>
      <subfield code="c">nach Cassini, Chanlaire, Herbin, Mentelle und den zuverlässigsten astronomischen Bestimmungen entworfen und gezeichnet von G. E. F. Seidel. C. M. Trummer sc.</subfield>
    </datafield>
    <datafield tag="260" ind1=" " ind2=" ">
      <subfield code="a">Nürnberg</subfield>
      <subfield code="b">Homanns Erben [Homannsche Erben]</subfield>
      <subfield code="c">1811</subfield>
    </datafield>
    <datafield tag="300" ind1=" " ind2=" ">
      <subfield code="a">1 Kt.</subfield>
      <subfield code="b">Grenzen kolor.</subfield>
      <subfield code="c">77 x 79 cm</subfield>
    </datafield>
    <datafield tag="337" ind1=" " ind2=" ">
      <subfield code="a">Karte</subfield>
    </datafield>
    <datafield tag="500" ind1=" " ind2=" ">
      <subfield code="a">Maßstab in graph. Form (Geographische Meilen, Kleine französische Lieux). - Titel links Mitte. - Legende oben links. - Maßstab unten rechts. - Nullmeridian: Ferro. - Mit 1 Anschlußsekt.: Der nördlichste Theil von Frankreich mit der gegenwärtigen Eintheilung. - Relief: Mit Bergstrichen</subfield>
    </datafield>
    <datafield tag="520" ind1="3" ind2="#">
      <subfield code="a">Frankreich und angrenzende Länder mit Städten, Flüssen, Gebirgen etc.</subfield>
    </datafield>
    <datafield tag="650" ind1=" " ind2="4">
      <subfield code="a">Altkarte</subfield>
    </datafield>
    <datafield tag="651" ind1=" " ind2="4">
      <subfield code="a">Frankreich</subfield>
    </datafield>
    <datafield tag="700" ind1="2" ind2=" ">
      <subfield code="a">Chanlaire, Pierre-Grégoire</subfield>
    </datafield>
    <datafield tag="700" ind1="2" ind2=" ">
      <subfield code="a">Mentelle, Edme</subfield>
    </datafield>
    <datafield tag="700" ind1="2" ind2=" ">
      <subfield code="a">Cassini, Giovanni Domenico</subfield>
    </datafield>
    <datafield tag="700" ind1="2" ind2=" ">
      <subfield code="a">Seidel, Gotthold Emanuel Friedrich</subfield>
    </datafield>
    <datafield tag="700" ind1="2" ind2=" ">
      <subfield code="a">Trummer, Christian Martin</subfield>
    </datafield>
    <datafield tag="700" ind1="2" ind2=" ">
      <subfield code="a">Herbin de Halle, P. Étienne</subfield>
    </datafield>
    <datafield tag="700" ind1="2" ind2=" ">
      <subfield code="a">Homann, ...</subfield>
    </datafield>
    <datafield tag="841" ind1=" " ind2=" ">
      <subfield code="a">em__</subfield>
      <subfield code="b">1811</subfield>
      <subfield code="c">3</subfield>
    </datafield>
    <datafield tag="852" ind1=" " ind2=" ">
      <subfield code="a">DE-185</subfield>
      <subfield code="c">Historische Abteilung</subfield>
      <subfield code="m">HK 0882</subfield>
      <subfield code="t">180116001</subfield>
    </datafield>
    <datafield tag="856" ind1=" " ind2=" ">
      <subfield code="a">https://ifl.wissensbank.com/fastlink.html?search=180116000</subfield>
      <subfield code="3">permalink</subfield>
    </datafield>
    <datafield tag="856" ind1=" " ind2=" ">
      <subfield code="a">https://ifl.wissensbank.com/cgi-bin/starfetch.exe?shLNE61AmSHOb@.8VoUfFtEoaY@khoq7YDVBjPWBkS@xPEmHlvoxd1tN20fHENc9GPPnQFfS1VWpXzfC.N5qewWc1MOfja2YSDBiAkA7VLQjNd9CLTCWuvAllFG8Fi21c0FKesxyFyTrtSnp9rTcGA/HK882.jpg</subfield>
      <subfield code="3">file</subfield>
    </datafield>
  </record>