
  <record>
    <leader>01250nem  22002893  4500</leader>
    <controlfield tag="001">180117000</controlfield>
    <controlfield tag="003">DE-185</controlfield>
    <controlfield tag="007">ta</controlfield>
    <controlfield tag="008">1861                             i|ger</controlfield>
    <datafield tag="041" ind1=" " ind2=" ">
      <subfield code="a">ger</subfield>
    </datafield>
    <datafield tag="084" ind1=" " ind2=" ">
      <subfield code="a">RE Afrika (insgesamt)</subfield>
    </datafield>
    <datafield tag="225" ind1=" " ind2=" ">
      <subfield code="a">1:14.250.000</subfield>
      <subfield code="c">W 21°05'00"-E 55°28'00"/N 38°18'00"-S 36°27'00"</subfield>
    </datafield>
    <datafield tag="245" ind1="1" ind2="0">
      <subfield code="a">Karte von Afrika</subfield>
      <subfield code="b">Nach Den Neuesten Forschungen mit Angabe der wichtigsten Entdeckungswege</subfield>
      <subfield code="c">Bearbeitet und gezeichnet von Dr. Henry Lange. Stich u. Druck von F. A. Brockhaus' Geogr.-artist. Anstalt</subfield>
    </datafield>
    <datafield tag="260" ind1=" " ind2=" ">
      <subfield code="a">Leipzig</subfield>
      <subfield code="b">Hermann Costenoble Verlagsbuchhandlung</subfield>
      <subfield code="c">1861</subfield>
    </datafield>
    <datafield tag="300" ind1=" " ind2=" ">
      <subfield code="a">1 Kt.</subfield>
      <subfield code="b">teilw. kolor.</subfield>
      <subfield code="c">60 x 60 cm</subfield>
    </datafield>
    <datafield tag="337" ind1=" " ind2=" ">
      <subfield code="a">Karte</subfield>
    </datafield>
    <datafield tag="500" ind1=" " ind2=" ">
      <subfield code="a">Maßstab in graph. Form (Deutsche Geographische Meilen). - Titel unten links. - Maßstab und Erkl. der Reiserouten oben rechts. - Karte auf Leinenrücken aufgezogen. - Ohne Relief</subfield>
    </datafield>
    <datafield tag="520" ind1="3" ind2="#">
      <subfield code="a">Afrika mit Reiserouten von Expeditionen</subfield>
    </datafield>
    <datafield tag="650" ind1=" " ind2="4">
      <subfield code="a">Altkarte</subfield>
    </datafield>
    <datafield tag="650" ind1=" " ind2="4">
      <subfield code="a">Forschungsreise</subfield>
    </datafield>
    <datafield tag="651" ind1=" " ind2="4">
      <subfield code="a">Afrika</subfield>
    </datafield>
    <datafield tag="700" ind1="2" ind2=" ">
      <subfield code="a">Lange, Henry</subfield>
    </datafield>
    <datafield tag="700" ind1="2" ind2=" ">
      <subfield code="a">Costenoble, Hermann</subfield>
    </datafield>
    <datafield tag="841" ind1=" " ind2=" ">
      <subfield code="a">em__</subfield>
      <subfield code="b">1861</subfield>
      <subfield code="c">3</subfield>
    </datafield>
    <datafield tag="852" ind1=" " ind2=" ">
      <subfield code="a">DE-185</subfield>
      <subfield code="c">Historische Abteilung</subfield>
      <subfield code="m">HK 0883</subfield>
      <subfield code="t">180117001</subfield>
    </datafield>
    <datafield tag="856" ind1=" " ind2=" ">
      <subfield code="a">https://ifl.wissensbank.com/fastlink.html?search=180117000</subfield>
      <subfield code="3">permalink</subfield>
    </datafield>
    <datafield tag="856" ind1=" " ind2=" ">
      <subfield code="a">https://ifl.wissensbank.com/cgi-bin/starfetch.exe?j5OeYsUiWcxBzvz.BUROzYMNNbAu27i0jrfXm@HvnHerpeEZv4I9Pth9UX@uKpfvkx3Es1to8qAoJ7I1oO.9sjoqWNFpqNPfF3uIP4CmUEd5m1VZMBHAJbaNP1hbgbgtd1PAfL4AhCsRz87ijRfNZQ/HK883.jpg</subfield>
      <subfield code="3">file</subfield>
    </datafield>
  </record>