
  <record>
    <leader>01250nem  22002893  4500</leader>
    <controlfield tag="001">180118000</controlfield>
    <controlfield tag="003">DE-185</controlfield>
    <controlfield tag="007">ta</controlfield>
    <controlfield tag="008">1804                             i|fre</controlfield>
    <datafield tag="041" ind1=" " ind2=" ">
      <subfield code="a">fre</subfield>
    </datafield>
    <datafield tag="084" ind1=" " ind2=" ">
      <subfield code="a">RA04.06 Frankreich</subfield>
    </datafield>
    <datafield tag="225" ind1=" " ind2=" ">
      <subfield code="c">W 4°57'00"-E 12°18'00"/N 51°50'00"-N 41°54'00"</subfield>
    </datafield>
    <datafield tag="245" ind1="1" ind2="0">
      <subfield code="a">Carte De L'Empire François Avec Ses Etablissements Politiques, Militaires, Civils Et Religieux</subfield>
      <subfield code="c">Dressée au Dépôt général de la Guerre Par Ordre De Son Excellence Le Ministre De La Guerre [Louis-Alexandre Berthier] An XII (1804). Avec des augmentations (1808) et 1811</subfield>
    </datafield>
    <datafield tag="260" ind1=" " ind2=" ">
      <subfield code="a">[Paris]</subfield>
      <subfield code="c">1804</subfield>
    </datafield>
    <datafield tag="300" ind1=" " ind2=" ">
      <subfield code="a">1 Kt.</subfield>
      <subfield code="b">unkolor.</subfield>
      <subfield code="c">76 x 60 cm</subfield>
    </datafield>
    <datafield tag="337" ind1=" " ind2=" ">
      <subfield code="a">Karte</subfield>
    </datafield>
    <datafield tag="500" ind1=" " ind2=" ">
      <subfield code="a">Maßstab in graph. Form (Myriamètres, Lieues communes de France). - Titel und Maßstab unten links. - Legende unterhalb des Kt.-Feldes. - Relief: Mit Bergstrichen</subfield>
    </datafield>
    <datafield tag="520" ind1="3" ind2="#">
      <subfield code="a">Verwaltungskarte von Frankreich mit Städten, Gebirgen, Flüssen etc.</subfield>
    </datafield>
    <datafield tag="650" ind1=" " ind2="4">
      <subfield code="a">Verwaltungskarte</subfield>
    </datafield>
    <datafield tag="650" ind1=" " ind2="4">
      <subfield code="a">Altkarte</subfield>
    </datafield>
    <datafield tag="651" ind1=" " ind2="4">
      <subfield code="a">Frankreich</subfield>
    </datafield>
    <datafield tag="700" ind1="2" ind2=" ">
      <subfield code="a">Berthier, Louis-Alexandre</subfield>
    </datafield>
    <datafield tag="841" ind1=" " ind2=" ">
      <subfield code="a">em__</subfield>
      <subfield code="b">1804</subfield>
      <subfield code="c">3</subfield>
    </datafield>
    <datafield tag="852" ind1=" " ind2=" ">
      <subfield code="a">DE-185</subfield>
      <subfield code="c">Historische Abteilung</subfield>
      <subfield code="m">HK 0884</subfield>
      <subfield code="t">180118001</subfield>
    </datafield>
    <datafield tag="856" ind1=" " ind2=" ">
      <subfield code="a">https://ifl.wissensbank.com/fastlink.html?search=180118000</subfield>
      <subfield code="3">permalink</subfield>
    </datafield>
    <datafield tag="856" ind1=" " ind2=" ">
      <subfield code="a">https://ifl.wissensbank.com/cgi-bin/starfetch.exe?uAHC9NeG7y92HHl31UfpGQSMhXNsf7iRLSS@X.fJczr56h0gB6@WqXX9404CTz7KagDoaemxOCv110menlODfwPnkQy0ONemSGKiGAMAUfllrxYgZJupo3zjTz2TqLXa7aUnba3YRYVjeL4Wg10chw/HK884.jpg</subfield>
      <subfield code="3">file</subfield>
    </datafield>
  </record>