
  <record>
    <leader>01250nem  22002893  4500</leader>
    <controlfield tag="001">180120000</controlfield>
    <controlfield tag="003">DE-185</controlfield>
    <controlfield tag="007">ta</controlfield>
    <controlfield tag="008">1845                             i|ger</controlfield>
    <datafield tag="041" ind1=" " ind2=" ">
      <subfield code="a">ger</subfield>
    </datafield>
    <datafield tag="084" ind1=" " ind2=" ">
      <subfield code="a">RA05 Mitteleuropa</subfield>
    </datafield>
    <datafield tag="225" ind1=" " ind2=" ">
      <subfield code="c">W 0°44'00"-E 21°33'00"/N 56°20'00"-N 44°50'00"</subfield>
    </datafield>
    <datafield tag="245" ind1="1" ind2="0">
      <subfield code="a">Post- und Reisekarte von Deutschland, den Niederlanden, Belgien und der Schweiz nebst Theilen der angrenzenden Laender</subfield>
      <subfield code="b">bis London, Havre de Grace, Turin, Warschau, Kopenhagen</subfield>
      <subfield code="c">Nach den neuesten Materialien mit Angabe der Eisenbahnen, Dampfschiffscurse und besuchtesten Bäder unter Mitwirkung des kgl. Oberpostamts-Officials Nast gezeichnet vom Ingenieur Major Fr. Bachmann</subfield>
    </datafield>
    <datafield tag="260" ind1=" " ind2=" ">
      <subfield code="a">Nürnberg</subfield>
      <subfield code="b">Friedr. Kornsche Buchhandlung</subfield>
      <subfield code="c">1845</subfield>
    </datafield>
    <datafield tag="300" ind1=" " ind2=" ">
      <subfield code="a">1 Kt.</subfield>
      <subfield code="b">Grenzen kolor.</subfield>
      <subfield code="c">65 x 54 cm</subfield>
    </datafield>
    <datafield tag="337" ind1=" " ind2=" ">
      <subfield code="a">Karte</subfield>
    </datafield>
    <datafield tag="500" ind1=" " ind2=" ">
      <subfield code="a">Maßstab in graph. Form (Geogr. Meilen, Schweizer Stunden). - Titel oben links. - Maßstab und Legende unten rechts. - Farben-Erkl. für Deutschland links unten. - Nullmeridian: Ferro. - Ohne Relief</subfield>
    </datafield>
    <datafield tag="520" ind1="3" ind2="#">
      <subfield code="a">Mitteldeutschland mit Postrouten, Verkehrswegen etc.</subfield>
    </datafield>
    <datafield tag="650" ind1=" " ind2="4">
      <subfield code="a">Altkarte</subfield>
    </datafield>
    <datafield tag="651" ind1=" " ind2="4">
      <subfield code="a">Mitteleuropa</subfield>
    </datafield>
    <datafield tag="653" ind1="1" ind2=" ">
      <subfield code="a">Postwesen</subfield>
    </datafield>
    <datafield tag="700" ind1="2" ind2=" ">
      <subfield code="a">Bachmann, Fr.</subfield>
    </datafield>
    <datafield tag="700" ind1="2" ind2=" ">
      <subfield code="a">Nast, ...</subfield>
    </datafield>
    <datafield tag="700" ind1="2" ind2=" ">
      <subfield code="a">Korn, Friedrich</subfield>
    </datafield>
    <datafield tag="700" ind1="2" ind2=" ">
      <subfield code="a">Korn, Christian H.</subfield>
    </datafield>
    <datafield tag="841" ind1=" " ind2=" ">
      <subfield code="a">em__</subfield>
      <subfield code="b">1845</subfield>
      <subfield code="c">3</subfield>
    </datafield>
    <datafield tag="852" ind1=" " ind2=" ">
      <subfield code="a">DE-185</subfield>
      <subfield code="c">Historische Abteilung</subfield>
      <subfield code="m">HK 0886</subfield>
      <subfield code="t">180120001</subfield>
    </datafield>
    <datafield tag="856" ind1=" " ind2=" ">
      <subfield code="a">https://ifl.wissensbank.com/fastlink.html?search=180120000</subfield>
      <subfield code="3">permalink</subfield>
    </datafield>
    <datafield tag="856" ind1=" " ind2=" ">
      <subfield code="a">https://ifl.wissensbank.com/cgi-bin/starfetch.exe?ikMIXIfrBQ1eoSO9qmtHHCIazGhq.fRsuL2mthzcH5ZQicagQmwHdApBYUO0ZC8SiJcLjnWI5GIDGLsbZOWsWu5T@MZiX5ifcTscoEQKBe8fz@mz0chgjoV43CjPArCJhViu..R3.@7j0qmHzeO2AA/HK886.jpg</subfield>
      <subfield code="3">file</subfield>
    </datafield>
  </record>