
  <record>
    <leader>01250nem  22002893  4500</leader>
    <controlfield tag="001">180123000</controlfield>
    <controlfield tag="003">DE-185</controlfield>
    <controlfield tag="007">ta</controlfield>
    <controlfield tag="008">1873                             i|ger</controlfield>
    <datafield tag="041" ind1=" " ind2=" ">
      <subfield code="a">ger</subfield>
    </datafield>
    <datafield tag="084" ind1=" " ind2=" ">
      <subfield code="a">RA05.01 Deutschland</subfield>
    </datafield>
    <datafield tag="225" ind1=" " ind2=" ">
      <subfield code="a">1:1.250.000</subfield>
      <subfield code="c">E 5°47'00"-E 25°31'00"/N 56°16'00"-N 48°39'00"</subfield>
    </datafield>
    <datafield tag="245" ind1="1" ind2="0">
      <subfield code="a">Karte von Deutschland zur Übersicht der Eisenbahnen einschliesslich der projectirten Linien, der Gewässer und hauptsächlisten Strassen</subfield>
      <subfield code="b">Nördliche Hälfte</subfield>
      <subfield code="c">Nach amtlichen Quellen bearbeitet von W. Liebenow, Geh. Rechn. Rath im Königl. Preuss. Ministerium für Handel etc.</subfield>
    </datafield>
    <datafield tag="250" ind1=" " ind2=" ">
      <subfield code="a">8te Ausgabe</subfield>
    </datafield>
    <datafield tag="260" ind1=" " ind2=" ">
      <subfield code="a">Berlin</subfield>
      <subfield code="b">Lithogr. Institut</subfield>
      <subfield code="c">1873</subfield>
    </datafield>
    <datafield tag="300" ind1=" " ind2=" ">
      <subfield code="a">1 Kt.</subfield>
      <subfield code="b">Grenzen kolor.</subfield>
      <subfield code="c">105 x 67 cm, gefaltet 21 x 30 cm</subfield>
    </datafield>
    <datafield tag="337" ind1=" " ind2=" ">
      <subfield code="a">Karte</subfield>
    </datafield>
    <datafield tag="500" ind1=" " ind2=" ">
      <subfield code="a">Maßstab in graph. Form (geogr. Meilen). - Titel und Maßstab oberhalb des Kt.-Feldes. - Legende unterhalb des Kt.-Feldes. - Tabelle der Bahnlinien rechts und links vom Kt.-Feld. - Mit Bahnlinien verschiedener Ausbaustufen. - Mit Leinenrücken. - Ohne Relief</subfield>
    </datafield>
    <datafield tag="520" ind1="3" ind2="#">
      <subfield code="a">Norddeutschland mit Eisenbahnlinien und unterlegtem Gewässernetz</subfield>
    </datafield>
    <datafield tag="650" ind1=" " ind2="4">
      <subfield code="a">Altkarte</subfield>
    </datafield>
    <datafield tag="650" ind1=" " ind2="4">
      <subfield code="a">Verkehrskarte</subfield>
    </datafield>
    <datafield tag="650" ind1=" " ind2="4">
      <subfield code="a">Eisenbahn</subfield>
    </datafield>
    <datafield tag="650" ind1=" " ind2="4">
      <subfield code="a">Straße</subfield>
    </datafield>
    <datafield tag="651" ind1=" " ind2="4">
      <subfield code="a">Deutschland</subfield>
    </datafield>
    <datafield tag="651" ind1=" " ind2="4">
      <subfield code="a">Deutschland (Nord)</subfield>
    </datafield>
    <datafield tag="651" ind1=" " ind2="4">
      <subfield code="a">Preußen</subfield>
    </datafield>
    <datafield tag="700" ind1="2" ind2=" ">
      <subfield code="a">Liebenow, Wilhelm</subfield>
    </datafield>
    <datafield tag="841" ind1=" " ind2=" ">
      <subfield code="a">em__</subfield>
      <subfield code="b">1873</subfield>
      <subfield code="c">3</subfield>
    </datafield>
    <datafield tag="852" ind1=" " ind2=" ">
      <subfield code="a">DE-185</subfield>
      <subfield code="c">Historische Abteilung</subfield>
      <subfield code="m">HK 0887</subfield>
      <subfield code="t">180123001</subfield>
    </datafield>
    <datafield tag="856" ind1=" " ind2=" ">
      <subfield code="a">https://ifl.wissensbank.com/fastlink.html?search=180123000</subfield>
      <subfield code="3">permalink</subfield>
    </datafield>
    <datafield tag="856" ind1=" " ind2=" ">
      <subfield code="a">https://ifl.wissensbank.com/cgi-bin/starfetch.exe?04MSQErIi4rBhIOcCGd3HobLUKPYbHkCtBkYCsYwPbtHLC78698yB3maroOrGbUbBJitukvkLSkJ8fKPnmNw1gJsvlClkqC3N9iQGoKoA@VcrYWusojjism83bpnqyXmWLseo7qHvnUYgDdtr3Kv6g/HK887.jpg</subfield>
      <subfield code="3">file</subfield>
    </datafield>
  </record>