
  <record>
    <leader>01250nem  22002893  4500</leader>
    <controlfield tag="001">180124000</controlfield>
    <controlfield tag="003">DE-185</controlfield>
    <controlfield tag="007">ta</controlfield>
    <controlfield tag="008">1875                             i|ger</controlfield>
    <datafield tag="041" ind1=" " ind2=" ">
      <subfield code="a">ger</subfield>
    </datafield>
    <datafield tag="084" ind1=" " ind2=" ">
      <subfield code="a">RA05 Mitteleuropa</subfield>
    </datafield>
    <datafield tag="225" ind1=" " ind2=" ">
      <subfield code="a">1:10.000</subfield>
      <subfield code="c">E 13°20'23"-E 13°27'17"/N 52°32'31"-N 52°29'08"</subfield>
    </datafield>
    <datafield tag="245" ind1="1" ind2="0">
      <subfield code="a">Grundriss von Berlin</subfield>
      <subfield code="b">Ueberdruck des mittleren Theils aus Sineck's Situations-Plan von Berlin mit dem Weichbilde und Charlottenburg in vier Blättern</subfield>
    </datafield>
    <datafield tag="260" ind1=" " ind2=" ">
      <subfield code="a">Berlin</subfield>
      <subfield code="b">Dietrich Reimer</subfield>
      <subfield code="c">[ca. 1875]</subfield>
    </datafield>
    <datafield tag="300" ind1=" " ind2=" ">
      <subfield code="a">1 Kt.</subfield>
      <subfield code="b">kolor.</subfield>
      <subfield code="c">78 x 63 cm, gefaltet 12 x 18 cm + Straßenverz. (16 S.)</subfield>
    </datafield>
    <datafield tag="337" ind1=" " ind2=" ">
      <subfield code="a">Karte</subfield>
    </datafield>
    <datafield tag="500" ind1=" " ind2=" ">
      <subfield code="a">Maßstab in graph. Form (Schritt). - Titel und Maßstab rechts oben. - Legende oberhalb des Kt.-Feldes. - Ohne Kt.-Netz. - Mit Suchnetz. - Zustand: beschädigt, Umschlag lose. - Relief: Mit Bergschraffen</subfield>
    </datafield>
    <datafield tag="520" ind1="3" ind2="#">
      <subfield code="a">Verkehrskarte von Berlin</subfield>
    </datafield>
    <datafield tag="650" ind1=" " ind2="4">
      <subfield code="a">Altkarte</subfield>
    </datafield>
    <datafield tag="650" ind1=" " ind2="4">
      <subfield code="a">Verkehrskarte</subfield>
    </datafield>
    <datafield tag="651" ind1=" " ind2="4">
      <subfield code="a">Deutschland</subfield>
    </datafield>
    <datafield tag="651" ind1=" " ind2="4">
      <subfield code="a">Berlin</subfield>
    </datafield>
    <datafield tag="651" ind1=" " ind2="4">
      <subfield code="a">Berlin-Charlottenburg</subfield>
    </datafield>
    <datafield tag="700" ind1="2" ind2=" ">
      <subfield code="a">Sineck, T.</subfield>
    </datafield>
    <datafield tag="700" ind1="2" ind2=" ">
      <subfield code="a">Reimer, Dietrich</subfield>
    </datafield>
    <datafield tag="700" ind1="2" ind2=" ">
      <subfield code="a">Kraatz, Leopold</subfield>
    </datafield>
    <datafield tag="841" ind1=" " ind2=" ">
      <subfield code="a">em__</subfield>
      <subfield code="b">1875</subfield>
      <subfield code="c">3</subfield>
    </datafield>
    <datafield tag="852" ind1=" " ind2=" ">
      <subfield code="a">DE-185</subfield>
      <subfield code="c">Historische Abteilung</subfield>
      <subfield code="m">HK 0888</subfield>
      <subfield code="t">180124001</subfield>
    </datafield>
    <datafield tag="856" ind1=" " ind2=" ">
      <subfield code="a">https://ifl.wissensbank.com/fastlink.html?search=180124000</subfield>
      <subfield code="3">permalink</subfield>
    </datafield>
    <datafield tag="856" ind1=" " ind2=" ">
      <subfield code="a">https://ifl.wissensbank.com/cgi-bin/starfetch.exe?HMwyNa4q4tLba7a3Hm707RR2gS3NFqdRPCIa3JVsHOSXJSpZrVBIP7B0ILBlAV8CrDKpHe3GfEF3uXkdLposhFxf79j5oLYUwEUHvcFlhgSL9QLtSvTyAOzTtRtO5X2Dsm6v4Kpl94Aln2javEjocw/HK888.jpg</subfield>
      <subfield code="3">file</subfield>
    </datafield>
  </record>
  <record>
    <leader>01250nem  22002893  4500</leader>
    <controlfield tag="001">180125000</controlfield>
    <controlfield tag="003">DE-185</controlfield>
    <controlfield tag="007">ta</controlfield>
    <controlfield tag="008">1764                             i|ger</controlfield>
    <datafield tag="041" ind1=" " ind2=" ">
      <subfield code="a">ger</subfield>
    </datafield>
    <datafield tag="084" ind1=" " ind2=" ">
      <subfield code="a">RA05.01 Deutschland</subfield>
    </datafield>
    <datafield tag="225" ind1=" " ind2=" ">
      <subfield code="c">E 11°18'59"-E 12°20'50"/N 52°10'25"-N 51°40'31"</subfield>
    </datafield>
    <datafield tag="245" ind1="1" ind2="0">
      <subfield code="a">Gantz Neue Und Vollstaendige Geographische General-Charte Vom Gantzen Churfürstenthum Sachsen</subfield>
      <subfield code="b">Mit Allen Einverleibten Dazu Gehörigen Marggraffthümern, Fürstenthümern, Grafschafften, Stifftern Und Herrschafften Auch Andern Fremden Angrentzenden Laendern worinnen nicht allein die Creise, Stifftern und Herrschafften nach ihren Grentzen in gehöriger Absonderung, sondern auch darinnnen noch alle Aemter ein jedes insbesondere abgetheilet und mit reinen durchsichtigen Farben unterschieden, nicht weniger die Wege, Wälder, Berge und Thäler, soweit als die Grösse des genommenen Maasstabes und die viele Einschrifft, um solche nicht undeutlich zu machen, es hat zu geben wollen, kentlich eingezeichnet sind ; dass also dadurch diese Carte dergestalt vollkommen geworden, um allemal als eine Krieges-Charte gebraucht werden zu können</subfield>
      <subfield code="c">Diese Carte ist angefertiget und gezeichnet in den Jahren des jetzt glückl. geendigten Krieges 1759, 60, 61, 62 und 1763 von dem Königl. Preussischen Ingenieur-Obristlieutenant Petri. [Gest. von Schleuen zu Berlin]</subfield>
    </datafield>
    <datafield tag="260" ind1=" " ind2=" ">
      <subfield code="a">[Berlin]</subfield>
      <subfield code="c">[zwischen 1764 u. 1767]</subfield>
    </datafield>
    <datafield tag="300" ind1=" " ind2=" ">
      <subfield code="a">1 Kt. auf 15 Bl.</subfield>
      <subfield code="b">teilw. Grenzen kolor.</subfield>
      <subfield code="c">Gesamtgr. 222 x 161 cm, je Teil versch. Gr.</subfield>
    </datafield>
    <datafield tag="337" ind1=" " ind2=" ">
      <subfield code="a">Karte</subfield>
    </datafield>
    <datafield tag="500" ind1=" " ind2=" ">
      <subfield code="a">Kt. nicht vollst. vorhanden: 5 Teile fehlen, 1 Teil nur teilw. vorh. - Maßstab in graph. Form (Teutsche Meilen). - Maßstab und Titelkartusche oben Mitte. - Erläuterungskartusche mit Legende unten links. - Nullmeridian: Ferro. - Relief: Mit Bergschraffen</subfield>
    </datafield>
    <datafield tag="520" ind1="3" ind2="#">
      <subfield code="a">Kurfürstentum Sachsen mit Gewässernetz, Wäldern, Siedlungs- und Straßennetz</subfield>
    </datafield>
    <datafield tag="650" ind1=" " ind2="4">
      <subfield code="a">Altkarte</subfield>
    </datafield>
    <datafield tag="650" ind1=" " ind2="4">
      <subfield code="a">Übersichtskarte</subfield>
    </datafield>
    <datafield tag="651" ind1=" " ind2="4">
      <subfield code="a">Deutschland</subfield>
    </datafield>
    <datafield tag="651" ind1=" " ind2="4">
      <subfield code="a">Sachsen</subfield>
    </datafield>
    <datafield tag="700" ind1="2" ind2=" ">
      <subfield code="a">Petri, Isaak Jakob von</subfield>
    </datafield>
    <datafield tag="700" ind1="2" ind2=" ">
      <subfield code="a">Schleuen, Johann David</subfield>
    </datafield>
    <datafield tag="841" ind1=" " ind2=" ">
      <subfield code="a">em__</subfield>
      <subfield code="b">1764</subfield>
      <subfield code="c">3</subfield>
    </datafield>
    <datafield tag="852" ind1=" " ind2=" ">
      <subfield code="a">DE-185</subfield>
      <subfield code="c">Historische Abteilung</subfield>
      <subfield code="m">HK 0889a</subfield>
      <subfield code="t">180125006</subfield>
    </datafield>
    <datafield tag="856" ind1=" " ind2=" ">
      <subfield code="a">https://ifl.wissensbank.com/fastlink.html?search=180125000</subfield>
      <subfield code="3">permalink</subfield>
    </datafield>
    <datafield tag="856" ind1=" " ind2=" ">
      <subfield code="a">https://ifl.wissensbank.com/cgi-bin/starfetch.exe?ebb3JSmKV@H.sZhWNK00J1qqOdRV9Ia5M4nBM68FJkhpt8ymYT9DpD4Y9JuLuX9zKpg0qEjI2wxB2WOIom@MwmGTJWjKgUIvoWVAOEP1loiyl2Xv.XRqzL0JHz4WD@liY3b4Q7SBzTBxmrAWAi38Lw/HK%200889c.jpg</subfield>
      <subfield code="3">file</subfield>
    </datafield>
  </record>