
  <record>
    <leader>01250nem  22002893  4500</leader>
    <controlfield tag="001">180126000</controlfield>
    <controlfield tag="003">DE-185</controlfield>
    <controlfield tag="007">ta</controlfield>
    <controlfield tag="008">1762                             i|</controlfield>
    <datafield tag="084" ind1=" " ind2=" ">
      <subfield code="a">RA05.01 Deutschland</subfield>
    </datafield>
    <datafield tag="225" ind1=" " ind2=" ">
      <subfield code="c">E 6°14'00"-E 8°03'00"/N 51°07'00"-N 50°16'00"</subfield>
    </datafield>
    <datafield tag="245" ind1="1" ind2="0">
      <subfield code="a">Exactissima Totius Vederoviae Late Sumtae Tabula</subfield>
      <subfield code="b">Cujus Pars Prima Est Vederovia Stricte Sic Dicta Versus Meridiem Altera Vero Vestrovaldia Ad Septentrionem Sita In IV. Mappis Geogr. Proposita Cum Adiac. Regionibus ; Pars altera Exactissimae Vederoviae; seu diu desideratae Vestrovaldiae nova et accurata Delineatio, proponens Partem Elect. Colon. Trev. Ducat. Iuliac. Mont. Westph. Princ. Nassov. et Com. Marchiae, Sayn-Witgenst. Ysenb.-Infer. Wiet. Runckel &amp;c. cum adiacentibus Region</subfield>
      <subfield code="c">secundum eandem Scalam delineata, à W. C. Buna V. D. M. [Gravé par A. Reinhardt, à Francfort sur le Mayn]</subfield>
    </datafield>
    <datafield tag="260" ind1=" " ind2=" ">
      <subfield code="a">[Frankfurt am Main]</subfield>
      <subfield code="b">[Heinrich Ludwig Broenner]</subfield>
      <subfield code="c">[1762]</subfield>
    </datafield>
    <datafield tag="300" ind1=" " ind2=" ">
      <subfield code="a">1 Kt. auf 6 Bl.</subfield>
      <subfield code="b">teilw. kolor.</subfield>
      <subfield code="c">Gesamtgr. 143 x 144 cm, je Teil versch. Gr.</subfield>
    </datafield>
    <datafield tag="337" ind1=" " ind2=" ">
      <subfield code="a">Karte</subfield>
    </datafield>
    <datafield tag="500" ind1=" " ind2=" ">
      <subfield code="a">Nur linke Hälfte der Kt. vorhanden. - Anordnung: HK 890a links oben, HK 890b links Mitte, HK 890c links unten. - Maßstab in graph. Form (Milliaria Hispanicá communia, Stunden). - Titel und Maßstab oberhalb des Kt.-Feldes. - Relief: Mit Bergstraffen</subfield>
    </datafield>
    <datafield tag="520" ind1="3" ind2="#">
      <subfield code="a">Rheinlandgebiet mit Straßen, Wäldern, Flüssen etc.</subfield>
    </datafield>
    <datafield tag="650" ind1=" " ind2="4">
      <subfield code="a">Altkarte</subfield>
    </datafield>
    <datafield tag="651" ind1=" " ind2="4">
      <subfield code="a">Deutschland</subfield>
    </datafield>
    <datafield tag="651" ind1=" " ind2="4">
      <subfield code="a">Rheinland</subfield>
    </datafield>
    <datafield tag="700" ind1="2" ind2=" ">
      <subfield code="a">Buna, Wilhelm C.</subfield>
    </datafield>
    <datafield tag="700" ind1="2" ind2=" ">
      <subfield code="a">Reinhardt, Andreas</subfield>
    </datafield>
    <datafield tag="700" ind1="2" ind2=" ">
      <subfield code="a">Broenner, Heinrich L.</subfield>
    </datafield>
    <datafield tag="841" ind1=" " ind2=" ">
      <subfield code="a">em__</subfield>
      <subfield code="b">1762</subfield>
      <subfield code="c">3</subfield>
    </datafield>
    <datafield tag="852" ind1=" " ind2=" ">
      <subfield code="a">DE-185</subfield>
      <subfield code="c">Historische Abteilung</subfield>
      <subfield code="m">HK 0890a</subfield>
      <subfield code="t">180126001</subfield>
    </datafield>
    <datafield tag="856" ind1=" " ind2=" ">
      <subfield code="a">https://ifl.wissensbank.com/fastlink.html?search=180126000</subfield>
      <subfield code="3">permalink</subfield>
    </datafield>
    <datafield tag="856" ind1=" " ind2=" ">
      <subfield code="a">https://ifl.wissensbank.com/cgi-bin/starfetch.exe?fLxtgNUxs5i5iPWj5YaSXcwWFWRjO.k8B0ppmhGAFmIytj9QiJs@5PED5RUB23YzoQgBvLg2U98gb49IMe7c1VdnwsDgNuAKhkLSMeUc73Aoa77PX5uQQNdCklL0o9YEntAPSy8HTpMsbbOb5cITYg/HK890a.jpg</subfield>
      <subfield code="3">file</subfield>
    </datafield>
  </record>