
  <record>
    <leader>01250nem  22002893  4500</leader>
    <controlfield tag="001">180127000</controlfield>
    <controlfield tag="003">DE-185</controlfield>
    <controlfield tag="007">ta</controlfield>
    <controlfield tag="008">1802                             i|ger</controlfield>
    <datafield tag="041" ind1=" " ind2=" ">
      <subfield code="a">ger</subfield>
    </datafield>
    <datafield tag="084" ind1=" " ind2=" ">
      <subfield code="a">RA10.01 Preußen</subfield>
    </datafield>
    <datafield tag="084" ind1=" " ind2=" ">
      <subfield code="a">RA05.11 Polen</subfield>
    </datafield>
    <datafield tag="225" ind1=" " ind2=" ">
      <subfield code="c">E 15°10'00"-E 21°11'00"/N 53°14'00"-N 50°42'00"</subfield>
    </datafield>
    <datafield tag="245" ind1="1" ind2="0">
      <subfield code="a">[Special Karte von Suedpreussen]</subfield>
      <subfield code="b">Mit Allerhoechster Erlaubniss aus der königlichen großen topographischen Vermessungs-Karte</subfield>
      <subfield code="c">unter Mitwürkung des Directors Langner, reducirt und herausgegeben vom Geheimen Ober Bau-Rath Gilly. Die Post-Course und Hauptstrassen sind gezeichnet vom ersten General Post Amts-Registrator Matthias. Gestochen von Carl Jättning. Franz sc. Paulus Schmidt sculps.</subfield>
    </datafield>
    <datafield tag="260" ind1=" " ind2=" ">
      <subfield code="a">Berlin</subfield>
      <subfield code="b">Simon Schropp u. Comp.</subfield>
      <subfield code="c">1802 u. 1803</subfield>
    </datafield>
    <datafield tag="300" ind1=" " ind2=" ">
      <subfield code="a">1 Kt. auf 13 Bl.</subfield>
      <subfield code="b">Verwaltungsgrenzen kolor.</subfield>
      <subfield code="c">Gesamtgr. 272 x 199 cm, je Teil versch. Gr.</subfield>
    </datafield>
    <datafield tag="337" ind1=" " ind2=" ">
      <subfield code="a">Karte</subfield>
    </datafield>
    <datafield tag="500" ind1=" " ind2=" ">
      <subfield code="a">Kt. nicht vollst. vorhanden: AI, AII, AIII, BI, BIII fehlen. - Einzelne Bl. sind nummeriert. - Maßstab in graph. Form (Meilen, Rheinl. Ruthen). - Titel unten links auf Kt. AIII (fehlt). - Maßstab und Legende je unterhalb des Kt.-Feldes. - Erkl. der Zeichen und Abkürzungen auf CI = HK 893. - Mit "Statistische Tabelle der in drei Kriegs- und Domainen-Kammer-Departements eingetheilten acht und dreissig Kreise" und Erkl. der Farben auf BIV = HK 892. - Ohne Relief</subfield>
    </datafield>
    <datafield tag="520" ind1="3" ind2="#">
      <subfield code="a">Postroutenkarte von Südpreußen mit Siedlungs-, Verkehrs- und Gewässernetz</subfield>
    </datafield>
    <datafield tag="650" ind1=" " ind2="4">
      <subfield code="a">Altkarte</subfield>
    </datafield>
    <datafield tag="650" ind1=" " ind2="4">
      <subfield code="a">Topographische Karte</subfield>
    </datafield>
    <datafield tag="650" ind1=" " ind2="4">
      <subfield code="a">Verwaltungskarte</subfield>
    </datafield>
    <datafield tag="651" ind1=" " ind2="4">
      <subfield code="a">Preußen</subfield>
    </datafield>
    <datafield tag="651" ind1=" " ind2="4">
      <subfield code="a">Polen</subfield>
    </datafield>
    <datafield tag="651" ind1=" " ind2="4">
      <subfield code="a">Südpreußen</subfield>
    </datafield>
    <datafield tag="700" ind1="2" ind2=" ">
      <subfield code="a">Langner, Carl</subfield>
    </datafield>
    <datafield tag="700" ind1="2" ind2=" ">
      <subfield code="a">Schmidt, Paulus</subfield>
    </datafield>
    <datafield tag="700" ind1="2" ind2=" ">
      <subfield code="a">Franz, ...</subfield>
    </datafield>
    <datafield tag="700" ind1="2" ind2=" ">
      <subfield code="a">Matthias, Wilhelm H.</subfield>
    </datafield>
    <datafield tag="700" ind1="2" ind2=" ">
      <subfield code="a">Jättnig, Karl</subfield>
    </datafield>
    <datafield tag="700" ind1="2" ind2=" ">
      <subfield code="a">Schropp, Simon</subfield>
    </datafield>
    <datafield tag="700" ind1="2" ind2=" ">
      <subfield code="a">Gilly, David</subfield>
    </datafield>
    <datafield tag="841" ind1=" " ind2=" ">
      <subfield code="a">em__</subfield>
      <subfield code="b">1802</subfield>
      <subfield code="c">3</subfield>
    </datafield>
    <datafield tag="852" ind1=" " ind2=" ">
      <subfield code="a">DE-185</subfield>
      <subfield code="c">Historische Abteilung</subfield>
      <subfield code="m">HK 0892</subfield>
      <subfield code="t">180127001</subfield>
    </datafield>
    <datafield tag="856" ind1=" " ind2=" ">
      <subfield code="a">https://ifl.wissensbank.com/fastlink.html?search=180127000</subfield>
      <subfield code="3">permalink</subfield>
    </datafield>
    <datafield tag="856" ind1=" " ind2=" ">
      <subfield code="a">https://ifl.wissensbank.com/cgi-bin/starfetch.exe?D3zD84fV5QSFmrxLc.oWIqmxLniyR5fkXaGeuox2awk9.t.Jht4XzQo.QhqqIlMgGPXdTBs29vKrru736P.vF.Gob3seCEX10FAnkRWIKN0h.EVKNNZjGYD.75JwC@FHWveBg.8dxPSz68sMVpxsag/HK892%2d899Zusatz.jpg</subfield>
      <subfield code="3">file</subfield>
    </datafield>
  </record>