
  <record>
    <leader>01250nem  22002893  4500</leader>
    <controlfield tag="001">180145000</controlfield>
    <controlfield tag="003">DE-185</controlfield>
    <controlfield tag="007">ta</controlfield>
    <controlfield tag="008">1800                             i|ger</controlfield>
    <datafield tag="041" ind1=" " ind2=" ">
      <subfield code="a">ger</subfield>
    </datafield>
    <datafield tag="084" ind1=" " ind2=" ">
      <subfield code="a">RP Sonstige Ländergruppen/Räume</subfield>
    </datafield>
    <datafield tag="225" ind1=" " ind2=" ">
      <subfield code="c">E 179°01'00"-W 179°01'00"/S 0°00'00"-S 85°00'00"</subfield>
    </datafield>
    <datafield tag="245" ind1="1" ind2="0">
      <subfield code="a">Die Untere Oder Südliche Halbkugel Der Erde</subfield>
      <subfield code="b">auf den Horizont von Wien</subfield>
      <subfield code="c">Stereographisch entworfen von J. A. Ecker. Gestochen von Hieronymus Benedicti</subfield>
    </datafield>
    <datafield tag="250" ind1=" " ind2=" ">
      <subfield code="a">Aufs neue verbessert herausgegeben von T. Mollo, in Wien</subfield>
    </datafield>
    <datafield tag="260" ind1=" " ind2=" ">
      <subfield code="a">Wien</subfield>
      <subfield code="b">T. Mollo</subfield>
      <subfield code="c">[um 1800]</subfield>
    </datafield>
    <datafield tag="300" ind1=" " ind2=" ">
      <subfield code="a">1 Kt.</subfield>
      <subfield code="b">Grenzen kolor.</subfield>
      <subfield code="c">Diam. 58 cm</subfield>
    </datafield>
    <datafield tag="337" ind1=" " ind2=" ">
      <subfield code="a">Karte</subfield>
    </datafield>
    <datafield tag="500" ind1=" " ind2=" ">
      <subfield code="a">Vermutlich aus: Allgemeiner Grosser Atlass / Herausgegeben von F. A. Schraembl ; 4. - Maßstab in graph. Form (geographische Meilen). - Maßstab unterhalb des Kt.-Feldes. - Nullmeridian: Wien. - Kt. in Kreisform. - Relief: Einzelberge</subfield>
    </datafield>
    <datafield tag="520" ind1="3" ind2="#">
      <subfield code="a">Südliche Hemisphäre</subfield>
    </datafield>
    <datafield tag="650" ind1=" " ind2="4">
      <subfield code="a">Altkarte</subfield>
    </datafield>
    <datafield tag="651" ind1=" " ind2="4">
      <subfield code="a">Südhemisphäre</subfield>
    </datafield>
    <datafield tag="653" ind1="1" ind2=" ">
      <subfield code="a">Südhemisphäre</subfield>
    </datafield>
    <datafield tag="700" ind1="2" ind2=" ">
      <subfield code="a">Ecker, Johann Anton</subfield>
    </datafield>
    <datafield tag="700" ind1="2" ind2=" ">
      <subfield code="a">Benedicti, Hiernoymus</subfield>
    </datafield>
    <datafield tag="700" ind1="2" ind2=" ">
      <subfield code="a">Mollo, Tranquillo</subfield>
    </datafield>
    <datafield tag="700" ind1="2" ind2=" ">
      <subfield code="a">Schraembl, Franz Anton</subfield>
    </datafield>
    <datafield tag="841" ind1=" " ind2=" ">
      <subfield code="a">em__</subfield>
      <subfield code="b">1800</subfield>
      <subfield code="c">3</subfield>
    </datafield>
    <datafield tag="852" ind1=" " ind2=" ">
      <subfield code="a">DE-185</subfield>
      <subfield code="c">Historische Abteilung</subfield>
      <subfield code="m">HK 0908</subfield>
      <subfield code="t">180145001</subfield>
    </datafield>
    <datafield tag="856" ind1=" " ind2=" ">
      <subfield code="a">https://ifl.wissensbank.com/fastlink.html?search=180145000</subfield>
      <subfield code="3">permalink</subfield>
    </datafield>
    <datafield tag="856" ind1=" " ind2=" ">
      <subfield code="a">https://ifl.wissensbank.com/cgi-bin/starfetch.exe?U8cWoyBmWvFHask6hezxk.U3.VnOosWiry8QtutKravDFT1aJRmFo15@qxC2EOUqLKMWSQW3zUFwbW14BFdg5hpEe6nNPuDntehl.ey5FFLY8mlesZ6IrspKbfpPzrhIRvj@H@EUkprvN0W59pPX4A/HK908.jpg</subfield>
      <subfield code="3">file</subfield>
    </datafield>
  </record>