
  <record>
    <leader>01250nem  22002893  4500</leader>
    <controlfield tag="001">180159000</controlfield>
    <controlfield tag="003">DE-185</controlfield>
    <controlfield tag="007">ta</controlfield>
    <controlfield tag="008">1779                             i|ger</controlfield>
    <datafield tag="041" ind1=" " ind2=" ">
      <subfield code="a">ger</subfield>
    </datafield>
    <datafield tag="084" ind1=" " ind2=" ">
      <subfield code="a">RA Europa</subfield>
    </datafield>
    <datafield tag="225" ind1=" " ind2=" ">
      <subfield code="c">W 36°12'00"-E 74°01'00"/N 72°48'00"-N 27°26'00"</subfield>
    </datafield>
    <datafield tag="245" ind1="1" ind2="0">
      <subfield code="a">Carte Générale De L'Europe</subfield>
      <subfield code="b">Où se trouvent les Frontiéres les plus nouvelles, et où l'on voit le Départ et le Retour du Capitaine Cook, dans ses differens Voyages</subfield>
      <subfield code="c">Par les Freres Lotter</subfield>
    </datafield>
    <datafield tag="260" ind1=" " ind2=" ">
      <subfield code="a">Augsbourg</subfield>
      <subfield code="c">[nach 1779]</subfield>
    </datafield>
    <datafield tag="300" ind1=" " ind2=" ">
      <subfield code="a">1 Kt.</subfield>
      <subfield code="b">Grenzen kolor.</subfield>
      <subfield code="c">74 x 50 cm</subfield>
    </datafield>
    <datafield tag="337" ind1=" " ind2=" ">
      <subfield code="a">Karte</subfield>
    </datafield>
    <datafield tag="500" ind1=" " ind2=" ">
      <subfield code="a">Maßstab in graph. Form (Werts Modernes de Russie, Werts Anciens de Russie, Milles communs d'Allemagne). - Titel links Mitte. - Maßstab unten rechts. - Nullmeridian: Ferro u. Paris. - Relief: Einzelberge</subfield>
    </datafield>
    <datafield tag="520" ind1="3" ind2="#">
      <subfield code="a">Europa mit Reiserouten von James Cook</subfield>
    </datafield>
    <datafield tag="650" ind1=" " ind2="4">
      <subfield code="a">Altkarte</subfield>
    </datafield>
    <datafield tag="650" ind1=" " ind2="4">
      <subfield code="a">Politische Karte</subfield>
    </datafield>
    <datafield tag="650" ind1=" " ind2="4">
      <subfield code="a">Forschungsreise</subfield>
    </datafield>
    <datafield tag="651" ind1=" " ind2="4">
      <subfield code="a">Europa</subfield>
    </datafield>
    <datafield tag="653" ind1="1" ind2=" ">
      <subfield code="a">Cook, James</subfield>
    </datafield>
    <datafield tag="700" ind1="2" ind2=" ">
      <subfield code="a">Cook, James</subfield>
      <subfield code="1">118522027</subfield>
    </datafield>
    <datafield tag="700" ind1="2" ind2=" ">
      <subfield code="a">Lotter, Georg Friedrich</subfield>
    </datafield>
    <datafield tag="700" ind1="2" ind2=" ">
      <subfield code="a">Lotter, Matthäus Albrecht</subfield>
    </datafield>
    <datafield tag="841" ind1=" " ind2=" ">
      <subfield code="a">em__</subfield>
      <subfield code="b">1779</subfield>
      <subfield code="c">3</subfield>
    </datafield>
    <datafield tag="852" ind1=" " ind2=" ">
      <subfield code="a">DE-185</subfield>
      <subfield code="c">Historische Abteilung</subfield>
      <subfield code="m">HK 0912</subfield>
      <subfield code="t">180159001</subfield>
    </datafield>
    <datafield tag="856" ind1=" " ind2=" ">
      <subfield code="a">https://ifl.wissensbank.com/fastlink.html?search=180159000</subfield>
      <subfield code="3">permalink</subfield>
    </datafield>
    <datafield tag="856" ind1=" " ind2=" ">
      <subfield code="a">https://ifl.wissensbank.com/cgi-bin/starfetch.exe?qmgA7Pe5TjBdDQOKYxPhSHIDV2qJauo3vJfHG96XQW8hjrvjO.iyyHwB5.cawFtg1OqKgRXA0KBDrVy.ALBdN2ZfvBFGGDy1WME5BX8I4tQcAoFepQmhAuj3RJjglsYJNomZXTx9oWUQd01z.12frg/HK912.jpg</subfield>
      <subfield code="3">file</subfield>
    </datafield>
  </record>