
  <record>
    <leader>01250nem  22002893  4500</leader>
    <controlfield tag="001">180163000</controlfield>
    <controlfield tag="003">DE-185</controlfield>
    <controlfield tag="007">ta</controlfield>
    <controlfield tag="008">1798                             i|ger</controlfield>
    <datafield tag="041" ind1=" " ind2=" ">
      <subfield code="a">ger</subfield>
    </datafield>
    <datafield tag="084" ind1=" " ind2=" ">
      <subfield code="a">RD02 Zentralamerika</subfield>
    </datafield>
    <datafield tag="084" ind1=" " ind2=" ">
      <subfield code="a">RD03 Karibik/Karibischer Raum</subfield>
    </datafield>
    <datafield tag="225" ind1=" " ind2=" ">
      <subfield code="c">W 90°13'00"-W 59°27'00"/N 31°34'00"-N 7°45'00"</subfield>
    </datafield>
    <datafield tag="245" ind1="1" ind2="0">
      <subfield code="a">Karte des betraechtlichsten Theils von Mittel-America oder Westindien</subfield>
      <subfield code="c">entworfen nach der grossen Karte des B. Edwards und andern bewaehrten Hülfsmitteln</subfield>
    </datafield>
    <datafield tag="260" ind1=" " ind2=" ">
      <subfield code="a">Augsburg</subfield>
      <subfield code="b">Ioh. Walch</subfield>
      <subfield code="c">1798</subfield>
    </datafield>
    <datafield tag="300" ind1=" " ind2=" ">
      <subfield code="a">1 Kt.</subfield>
      <subfield code="b">flächenkolor.</subfield>
      <subfield code="c">60 x 49 cm</subfield>
    </datafield>
    <datafield tag="337" ind1=" " ind2=" ">
      <subfield code="a">Karte</subfield>
    </datafield>
    <datafield tag="500" ind1=" " ind2=" ">
      <subfield code="a">Maßstab in graph. Form (Deutsche od. Geographische Meilen, Spanische Meilen). - Titel und Legende oben rechts. - Maßstab unterhalb des Kt.-Feldes. - Nullmeridian: Ferro. - Relief: Bergstriche</subfield>
    </datafield>
    <datafield tag="520" ind1="3" ind2="#">
      <subfield code="a">Mittelamerika mit Siedlungen, Flüssen, Gebirgszügen etc.</subfield>
    </datafield>
    <datafield tag="650" ind1=" " ind2="4">
      <subfield code="a">Altkarte</subfield>
    </datafield>
    <datafield tag="650" ind1=" " ind2="4">
      <subfield code="a">Raum</subfield>
    </datafield>
    <datafield tag="651" ind1=" " ind2="4">
      <subfield code="a">Zentralamerika</subfield>
    </datafield>
    <datafield tag="651" ind1=" " ind2="4">
      <subfield code="a">Karibischer Raum</subfield>
    </datafield>
    <datafield tag="700" ind1="2" ind2=" ">
      <subfield code="a">Edwards, Bryan</subfield>
    </datafield>
    <datafield tag="700" ind1="2" ind2=" ">
      <subfield code="a">Walch, Johannes</subfield>
    </datafield>
    <datafield tag="841" ind1=" " ind2=" ">
      <subfield code="a">em__</subfield>
      <subfield code="b">1798</subfield>
      <subfield code="c">3</subfield>
    </datafield>
    <datafield tag="852" ind1=" " ind2=" ">
      <subfield code="a">DE-185</subfield>
      <subfield code="c">Historische Abteilung</subfield>
      <subfield code="m">HK 0916</subfield>
      <subfield code="t">180163001</subfield>
    </datafield>
    <datafield tag="856" ind1=" " ind2=" ">
      <subfield code="a">https://ifl.wissensbank.com/fastlink.html?search=180163000</subfield>
      <subfield code="3">permalink</subfield>
    </datafield>
    <datafield tag="856" ind1=" " ind2=" ">
      <subfield code="a">https://ifl.wissensbank.com/cgi-bin/starfetch.exe?.abLnGtrwhHNdaHEk3IvEv1HLV8uvXgpu@A@Uv1Kd6.lX2tAQXor2IY4MMQZtI60IhJ5XoEsMYUwjBVbs.sgTPILlZPrr@pgfJdsFiemt8dwtjqCW3351fdbWNFh2QUXYmtB@MxKhxIVxIldO6KoEw/HK916.jpg</subfield>
      <subfield code="3">file</subfield>
    </datafield>
  </record>