
  <record>
    <leader>01250nem  22002893  4500</leader>
    <controlfield tag="001">180164000</controlfield>
    <controlfield tag="003">DE-185</controlfield>
    <controlfield tag="007">ta</controlfield>
    <controlfield tag="008">1796                             i|ger</controlfield>
    <datafield tag="041" ind1=" " ind2=" ">
      <subfield code="a">ger</subfield>
    </datafield>
    <datafield tag="084" ind1=" " ind2=" ">
      <subfield code="a">RA05.11 Polen</subfield>
    </datafield>
    <datafield tag="225" ind1=" " ind2=" ">
      <subfield code="c">E 14°10'00"-E 37°49'00"/N 57°50'00"-N 47°06'00"</subfield>
    </datafield>
    <datafield tag="245" ind1="1" ind2="0">
      <subfield code="a">Karte Von Polen</subfield>
      <subfield code="c">Neu verzeichnet herausgegeben von Franz Joh. Jos. Von Reilly. Gestochen von Ant. Amon</subfield>
    </datafield>
    <datafield tag="260" ind1=" " ind2=" ">
      <subfield code="a">Wien</subfield>
      <subfield code="b">Reilly'sche Landkarten und Kunstwerke Verschleiss Komptoir</subfield>
      <subfield code="c">1796</subfield>
    </datafield>
    <datafield tag="300" ind1=" " ind2=" ">
      <subfield code="a">1 Kt.</subfield>
      <subfield code="b">flächenkolor.</subfield>
      <subfield code="c">71 x 57 cm</subfield>
    </datafield>
    <datafield tag="337" ind1=" " ind2=" ">
      <subfield code="a">Karte</subfield>
    </datafield>
    <datafield tag="500" ind1=" " ind2=" ">
      <subfield code="a">Maßstab in graph. Form (Deutsche oder Geographische Meilen, Kleine Polnische Meilen). - Titelkartusche oben links. - Maßstab, Erkl. der Zeichen und Erkl. der poln. Wörter unten links. - Nummerierung rechts unterhalb des Kt.-Feldes: XXIV. - Relief: Einzelberge</subfield>
    </datafield>
    <datafield tag="520" ind1="3" ind2="#">
      <subfield code="a">Polen mit Siedlungen, Flüssen, Gebirgszügen etc.</subfield>
    </datafield>
    <datafield tag="650" ind1=" " ind2="4">
      <subfield code="a">Altkarte</subfield>
    </datafield>
    <datafield tag="651" ind1=" " ind2="4">
      <subfield code="a">Polen</subfield>
    </datafield>
    <datafield tag="700" ind1="2" ind2=" ">
      <subfield code="a">Amon, Anton</subfield>
    </datafield>
    <datafield tag="700" ind1="2" ind2=" ">
      <subfield code="a">Reilly, Franz Johann Joseph von</subfield>
    </datafield>
    <datafield tag="841" ind1=" " ind2=" ">
      <subfield code="a">em__</subfield>
      <subfield code="b">1796</subfield>
      <subfield code="c">3</subfield>
    </datafield>
    <datafield tag="852" ind1=" " ind2=" ">
      <subfield code="a">DE-185</subfield>
      <subfield code="c">Historische Abteilung</subfield>
      <subfield code="m">HK 0918</subfield>
      <subfield code="t">180164001</subfield>
    </datafield>
    <datafield tag="856" ind1=" " ind2=" ">
      <subfield code="a">https://ifl.wissensbank.com/fastlink.html?search=180164000</subfield>
      <subfield code="3">permalink</subfield>
    </datafield>
    <datafield tag="856" ind1=" " ind2=" ">
      <subfield code="a">https://ifl.wissensbank.com/cgi-bin/starfetch.exe?Tb5wFS.w6.q7Cg3O0vWrQpOlu.hzcOs.AW.Ev4Nlm5rxUZlHFd4nwCvHrx6ZSdqGkchYrEtAf9jq6MhaZqVE@BaFTVjShFaTCZTK.55deY3.zU0TNoWxZEEeYh0JGiQnOgUfGI1fgSIjZleYApbibQ/HK918.jpg</subfield>
      <subfield code="3">file</subfield>
    </datafield>
  </record>