
  <record>
    <leader>01250nem  22002893  4500</leader>
    <controlfield tag="001">180165000</controlfield>
    <controlfield tag="003">DE-185</controlfield>
    <controlfield tag="007">ta</controlfield>
    <controlfield tag="008">1850                             i|ger</controlfield>
    <datafield tag="041" ind1=" " ind2=" ">
      <subfield code="a">ger</subfield>
    </datafield>
    <datafield tag="084" ind1=" " ind2=" ">
      <subfield code="a">RA04.06 Frankreich</subfield>
    </datafield>
    <datafield tag="225" ind1=" " ind2=" ">
      <subfield code="c">W 5°59'00"-E 10°33'00"/N 51°21'00"-N 41°39'00"</subfield>
    </datafield>
    <datafield tag="245" ind1="1" ind2="0">
      <subfield code="a">General-Karte von Frankreich</subfield>
      <subfield code="b">nach den neuesten u. besten Quellen</subfield>
      <subfield code="c">bearbeitet von F. Handtke. Entw. u. gez. v. F. Handtke</subfield>
    </datafield>
    <datafield tag="260" ind1=" " ind2=" ">
      <subfield code="a">Glogau</subfield>
      <subfield code="b">Druck u. Verlag von C. Flemming</subfield>
      <subfield code="c">[ca. 1850]</subfield>
    </datafield>
    <datafield tag="300" ind1=" " ind2=" ">
      <subfield code="a">1 Kt.</subfield>
      <subfield code="b">Lithogr. ; Grenzen kolor.</subfield>
      <subfield code="c">78 x 64 cm</subfield>
    </datafield>
    <datafield tag="337" ind1=" " ind2=" ">
      <subfield code="a">Karte</subfield>
    </datafield>
    <datafield tag="500" ind1=" " ind2=" ">
      <subfield code="a">Maßstab in graph. Form (Kilometer, deutsche Meil.). - Titel oben links. - Maßstab unten links. - Mit 1 Verwaltungs- u. 1 Höhentab. - Legende rechts Mitte. - Nullmeridian: Ferro, Paris. - Relief: Bergstriche</subfield>
    </datafield>
    <datafield tag="520" ind1="3" ind2="#">
      <subfield code="a">Verwaltungskarte von Frankreich mit Siedlungen, Gewässernetz, Gebirgszügen etc.</subfield>
    </datafield>
    <datafield tag="650" ind1=" " ind2="4">
      <subfield code="a">Altkarte</subfield>
    </datafield>
    <datafield tag="651" ind1=" " ind2="4">
      <subfield code="a">Frankreich</subfield>
    </datafield>
    <datafield tag="700" ind1="2" ind2=" ">
      <subfield code="a">Handtke, Friedrich</subfield>
    </datafield>
    <datafield tag="700" ind1="2" ind2=" ">
      <subfield code="a">Flemming, Carl</subfield>
    </datafield>
    <datafield tag="841" ind1=" " ind2=" ">
      <subfield code="a">em__</subfield>
      <subfield code="b">1850</subfield>
      <subfield code="c">3</subfield>
    </datafield>
    <datafield tag="852" ind1=" " ind2=" ">
      <subfield code="a">DE-185</subfield>
      <subfield code="c">Historische Abteilung</subfield>
      <subfield code="m">HK 0919</subfield>
      <subfield code="t">180165001</subfield>
    </datafield>
    <datafield tag="856" ind1=" " ind2=" ">
      <subfield code="a">https://ifl.wissensbank.com/fastlink.html?search=180165000</subfield>
      <subfield code="3">permalink</subfield>
    </datafield>
    <datafield tag="856" ind1=" " ind2=" ">
      <subfield code="a">https://ifl.wissensbank.com/cgi-bin/starfetch.exe?m6dak4LAxLRQ@28@ak7TlrM@4JktObHOUWdvxFXVFJqBAzUMCu4.uSTRnLwIg@GMEjVHxxZUrK60xXcPtbM90xfk17tI8AYIWGoQtKl1je0kOdW9KVe5qrKpQSWyHIUaOjbWYcKTsvRprW.TBkULKg/HK919.jpg</subfield>
      <subfield code="3">file</subfield>
    </datafield>
  </record>