
  <record>
    <leader>01250nem  22002893  4500</leader>
    <controlfield tag="001">180166000</controlfield>
    <controlfield tag="003">DE-185</controlfield>
    <controlfield tag="007">ta</controlfield>
    <controlfield tag="008">1850                             i|ger</controlfield>
    <datafield tag="041" ind1=" " ind2=" ">
      <subfield code="a">ger</subfield>
    </datafield>
    <datafield tag="084" ind1=" " ind2=" ">
      <subfield code="a">RA04.06 Frankreich</subfield>
    </datafield>
    <datafield tag="225" ind1=" " ind2=" ">
      <subfield code="a">1:200.000</subfield>
    </datafield>
    <datafield tag="245" ind1="1" ind2="0">
      <subfield code="a">General-Karte von Frankreich</subfield>
      <subfield code="c">entworfen und gezeichnet von F. Handtke</subfield>
    </datafield>
    <datafield tag="260" ind1=" " ind2=" ">
      <subfield code="a">Glogau</subfield>
      <subfield code="b">Druck und Verlag von C. Flemming</subfield>
      <subfield code="c">[ca. 1850]</subfield>
    </datafield>
    <datafield tag="300" ind1=" " ind2=" ">
      <subfield code="a">1 Kt.</subfield>
      <subfield code="b">Lithogr. ; Grenzen kolor.</subfield>
      <subfield code="c">79 x 64 cm</subfield>
    </datafield>
    <datafield tag="337" ind1=" " ind2=" ">
      <subfield code="a">Karte</subfield>
    </datafield>
    <datafield tag="500" ind1=" " ind2=" ">
      <subfield code="a">Maßstab in graph. Form (Deutsche Meilen, Kilometer). - Titel oben links. - Maßstab u. Legende unten Mitte. - Falttitel: Frankreich mit Specialplänen der Umgebungen von Paris, Metz, Strassburg, Toul, Nancy, Sedan, Weissenburg, Wörth, Châlons, Bitsch, Pfalzburg, Schlettstadt und Neu-Breisach. - Mit 11 Nebenkt.: Chalons. Bitsch. Pfalzburg. Schlettstadt. Weissenburg. Beaumont. Nancy. Paris. Metz. Strassburg. Neu-Breisach. - Relief: Bergschraffen</subfield>
    </datafield>
    <datafield tag="520" ind1="3" ind2="#">
      <subfield code="a">Frankreich mit Siedlungen, Flüssen etc.</subfield>
    </datafield>
    <datafield tag="650" ind1=" " ind2="4">
      <subfield code="a">Altkarte</subfield>
    </datafield>
    <datafield tag="651" ind1=" " ind2="4">
      <subfield code="a">Frankreich</subfield>
    </datafield>
    <datafield tag="700" ind1="2" ind2=" ">
      <subfield code="a">Handtke, Friedrich</subfield>
    </datafield>
    <datafield tag="700" ind1="2" ind2=" ">
      <subfield code="a">Flemming, Carl</subfield>
    </datafield>
    <datafield tag="841" ind1=" " ind2=" ">
      <subfield code="a">em__</subfield>
      <subfield code="b">1850</subfield>
      <subfield code="c">3</subfield>
    </datafield>
    <datafield tag="852" ind1=" " ind2=" ">
      <subfield code="a">DE-185</subfield>
      <subfield code="c">Historische Abteilung</subfield>
      <subfield code="m">HK 0920</subfield>
      <subfield code="t">180166001</subfield>
    </datafield>
    <datafield tag="856" ind1=" " ind2=" ">
      <subfield code="a">https://ifl.wissensbank.com/fastlink.html?search=180166000</subfield>
      <subfield code="3">permalink</subfield>
    </datafield>
    <datafield tag="856" ind1=" " ind2=" ">
      <subfield code="a">https://ifl.wissensbank.com/cgi-bin/starfetch.exe?34tt7ZTgYArnxXP8LRpINzcSLoQJMK5nvEeIe.MK05CBwfljHu5s.nqv6@6rnsyj5OIuinyzPf4pimalGcQ90ohazzVV0NqYLnDFpoj1wzPNACMdqByYLIZLeISDtsX@uiuYE1u1Ef9eKMZ7z9Vm2g/HK920.jpg</subfield>
      <subfield code="3">file</subfield>
    </datafield>
  </record>