
  <record>
    <leader>01250nem  22002893  4500</leader>
    <controlfield tag="001">180167000</controlfield>
    <controlfield tag="003">DE-185</controlfield>
    <controlfield tag="007">ta</controlfield>
    <controlfield tag="008">1797                             i|ger</controlfield>
    <datafield tag="041" ind1=" " ind2=" ">
      <subfield code="a">ger</subfield>
    </datafield>
    <datafield tag="084" ind1=" " ind2=" ">
      <subfield code="a">RA05.11 Polen</subfield>
    </datafield>
    <datafield tag="225" ind1=" " ind2=" ">
      <subfield code="c">E 15°11'00"-E 33°55'00"/N 57°51'00"-N 47°44'00"</subfield>
    </datafield>
    <datafield tag="245" ind1="1" ind2="0">
      <subfield code="a">Polens Ende, durch die letzten Theilungen und Besitznehmungen in den Jahren 1793 und 95 von Preussen, Russland, Oestreich</subfield>
      <subfield code="c">Entworfen von Sirisa [Pseud. von Karl Joseph Hübner]</subfield>
    </datafield>
    <datafield tag="260" ind1=" " ind2=" ">
      <subfield code="a">[Warschau]</subfield>
      <subfield code="c">[1797]</subfield>
    </datafield>
    <datafield tag="300" ind1=" " ind2=" ">
      <subfield code="a">1 Kt.</subfield>
      <subfield code="b">unkolor.</subfield>
      <subfield code="c">58 x 51 cm</subfield>
    </datafield>
    <datafield tag="337" ind1=" " ind2=" ">
      <subfield code="a">Karte</subfield>
    </datafield>
    <datafield tag="500" ind1=" " ind2=" ">
      <subfield code="a">Vermutlich aus: Hübner, Karl Joseph: Polens Ende. - Maßstab in graph. Form (Gemeine deutsche oder Geographische Meilen, Polnische Meilen). - Titel oben Mitte. - Maßstab und Legende unten Mitte. - Nummerierung im Titelfeld: 251. - 3 Tab. mit Besitzungen (Preußen, Russland, Österreich). - Relief: Einzelberge</subfield>
    </datafield>
    <datafield tag="520" ind1="3" ind2="#">
      <subfield code="a">Geschichtskarte von Polen mit Straßen, Flüssen, Wäldern etc.</subfield>
    </datafield>
    <datafield tag="650" ind1=" " ind2="4">
      <subfield code="a">Altkarte</subfield>
    </datafield>
    <datafield tag="650" ind1=" " ind2="4">
      <subfield code="a">Politische Karte</subfield>
    </datafield>
    <datafield tag="651" ind1=" " ind2="4">
      <subfield code="a">Polen</subfield>
    </datafield>
    <datafield tag="700" ind1="2" ind2=" ">
      <subfield code="a">Hübner, Karl Joseph</subfield>
    </datafield>
    <datafield tag="841" ind1=" " ind2=" ">
      <subfield code="a">em__</subfield>
      <subfield code="b">1797</subfield>
      <subfield code="c">3</subfield>
    </datafield>
    <datafield tag="852" ind1=" " ind2=" ">
      <subfield code="a">DE-185</subfield>
      <subfield code="c">Historische Abteilung</subfield>
      <subfield code="m">HK 0921</subfield>
      <subfield code="t">180167001</subfield>
    </datafield>
    <datafield tag="856" ind1=" " ind2=" ">
      <subfield code="a">https://ifl.wissensbank.com/fastlink.html?search=180167000</subfield>
      <subfield code="3">permalink</subfield>
    </datafield>
    <datafield tag="856" ind1=" " ind2=" ">
      <subfield code="a">https://ifl.wissensbank.com/cgi-bin/starfetch.exe?N8so4cEswBIY6NxP0xJbpARpNuQsPv1hCwA02TFUGapYwKFYkw2exjq6Vtndjipa8mKNchA2lqOnwx7Rr2hNHtUl2KvHXclumyHf6spNRTv9Z30zr636TZWEydFzt@2OV0tUFKra2XxLpoI37Km72A/HK921.jpg</subfield>
      <subfield code="3">file</subfield>
    </datafield>
  </record>