
  <record>
    <leader>01250nem  22002893  4500</leader>
    <controlfield tag="001">180168000</controlfield>
    <controlfield tag="003">DE-185</controlfield>
    <controlfield tag="007">ta</controlfield>
    <controlfield tag="008">1793                             i|ger</controlfield>
    <datafield tag="041" ind1=" " ind2=" ">
      <subfield code="a">ger</subfield>
    </datafield>
    <datafield tag="225" ind1=" " ind2=" ">
      <subfield code="c">E 14°10'00"-E 35°08'00"/N 57°52'00"-N 46°57'00"</subfield>
    </datafield>
    <datafield tag="245" ind1="1" ind2="0">
      <subfield code="a">Charte des Königreichs Polen</subfield>
      <subfield code="c">Nach den bewährtesten Hülfsmitteln und dem Theilungs-Tractat vom Jahr 1793 entworfen von F. L. Güssefeld</subfield>
    </datafield>
    <datafield tag="260" ind1=" " ind2=" ">
      <subfield code="a">Weimar</subfield>
      <subfield code="b">Verlag des Industrie Comtoirs</subfield>
      <subfield code="c">1793</subfield>
    </datafield>
    <datafield tag="300" ind1=" " ind2=" ">
      <subfield code="a">1 Kt.</subfield>
      <subfield code="b">teilw. flächenkolor.</subfield>
      <subfield code="c">52 x 45 cm</subfield>
    </datafield>
    <datafield tag="337" ind1=" " ind2=" ">
      <subfield code="a">Karte</subfield>
    </datafield>
    <datafield tag="500" ind1=" " ind2=" ">
      <subfield code="a">Maßstab in graph. Form (Geographische od. Deutsche Meilen, Polnische Meilen). - Titel und Maßstab unten links. - Nullmeridian: Paris. - Relief: Bergschraffen</subfield>
    </datafield>
    <datafield tag="520" ind1="3" ind2="#">
      <subfield code="a">Karte von Polen mit Straßen, Flüssen, Wäldern etc.</subfield>
    </datafield>
    <datafield tag="650" ind1=" " ind2="4">
      <subfield code="a">Altkarte</subfield>
    </datafield>
    <datafield tag="650" ind1=" " ind2="4">
      <subfield code="a">Politische Karte</subfield>
    </datafield>
    <datafield tag="700" ind1="2" ind2=" ">
      <subfield code="a">Güssefeld, Franz Ludwig</subfield>
    </datafield>
    <datafield tag="841" ind1=" " ind2=" ">
      <subfield code="a">em__</subfield>
      <subfield code="b">1793</subfield>
      <subfield code="c">3</subfield>
    </datafield>
    <datafield tag="852" ind1=" " ind2=" ">
      <subfield code="a">DE-185</subfield>
      <subfield code="c">Historische Abteilung</subfield>
      <subfield code="m">HK 0922</subfield>
      <subfield code="t">180168001</subfield>
    </datafield>
    <datafield tag="856" ind1=" " ind2=" ">
      <subfield code="a">https://ifl.wissensbank.com/fastlink.html?search=180168000</subfield>
      <subfield code="3">permalink</subfield>
    </datafield>
    <datafield tag="856" ind1=" " ind2=" ">
      <subfield code="a">https://ifl.wissensbank.com/cgi-bin/starfetch.exe?SPdcAIDwDeI1GRQ337HfaIXKnQK4U2bSXthIHwk5NFen5xWd5KnTUXiUWkd.h6U.jYsQuFx422.sYznedSiU6588ey76eUVqtktKvOB6LWeIZ@HZbCJbmWjXrv7r.MY6bWxj9hP67146sLwnlzpXkg/HK922.jpg</subfield>
      <subfield code="3">file</subfield>
    </datafield>
  </record>