
  <record>
    <leader>01250nem  22002893  4500</leader>
    <controlfield tag="001">180169000</controlfield>
    <controlfield tag="003">DE-185</controlfield>
    <controlfield tag="007">ta</controlfield>
    <controlfield tag="008">1804                             i|ger</controlfield>
    <datafield tag="041" ind1=" " ind2=" ">
      <subfield code="a">ger</subfield>
    </datafield>
    <datafield tag="084" ind1=" " ind2=" ">
      <subfield code="a">RA05.05 Historische deutsche Gebiete</subfield>
    </datafield>
    <datafield tag="225" ind1=" " ind2=" ">
      <subfield code="c">E 14°23'00"-E 20°01'00"/N 52°39'00"-N 48°37'00"</subfield>
    </datafield>
    <datafield tag="245" ind1="1" ind2="0">
      <subfield code="a">Charte von Schlesien Und Maehren</subfield>
      <subfield code="b">Nach Murdochischer Projektion entworfen, nach den neuesten und zuverlässigsten astronomischen Ortsbestimmungen berichtiget, und revidirt auf den Sternwarte zu Prag und Seeberg beÿ Gotha</subfield>
      <subfield code="c">Gezeichnet von F.L. Güssefeld</subfield>
    </datafield>
    <datafield tag="260" ind1=" " ind2=" ">
      <subfield code="a">Weimar</subfield>
      <subfield code="b">Verlag des Geograph. Instituts</subfield>
      <subfield code="c">1804</subfield>
    </datafield>
    <datafield tag="300" ind1=" " ind2=" ">
      <subfield code="a">1 Kt.</subfield>
      <subfield code="b">flächenkolor.</subfield>
      <subfield code="c">45 x 53 cm</subfield>
    </datafield>
    <datafield tag="337" ind1=" " ind2=" ">
      <subfield code="a">Karte</subfield>
    </datafield>
    <datafield tag="500" ind1=" " ind2=" ">
      <subfield code="a">Maßstab in graph. Form (Deutsche Meilen, Schlesische Meilen). - Titel, Maßstab u. Erkl. der Zeichen und Abkürzungen rechts oben. - Nullmeridian: Ferro. - Relief: Bergstriche</subfield>
    </datafield>
    <datafield tag="520" ind1="3" ind2="#">
      <subfield code="a">Schlesien und Mähren mit Straßen, Flüssen, Siedlungen etc.</subfield>
    </datafield>
    <datafield tag="650" ind1=" " ind2="4">
      <subfield code="a">Altkarte</subfield>
    </datafield>
    <datafield tag="650" ind1=" " ind2="4">
      <subfield code="a">Politische Karte</subfield>
    </datafield>
    <datafield tag="651" ind1=" " ind2="4">
      <subfield code="a">Ehemals deutsche Gebiete</subfield>
    </datafield>
    <datafield tag="651" ind1=" " ind2="4">
      <subfield code="a">Schlesien</subfield>
    </datafield>
    <datafield tag="651" ind1=" " ind2="4">
      <subfield code="a">Mähren (Morava)</subfield>
    </datafield>
    <datafield tag="700" ind1="2" ind2=" ">
      <subfield code="a">Güssefeld, Franz Ludwig</subfield>
    </datafield>
    <datafield tag="841" ind1=" " ind2=" ">
      <subfield code="a">em__</subfield>
      <subfield code="b">1804</subfield>
      <subfield code="c">3</subfield>
    </datafield>
    <datafield tag="852" ind1=" " ind2=" ">
      <subfield code="a">DE-185</subfield>
      <subfield code="c">Historische Abteilung</subfield>
      <subfield code="m">HK 0924</subfield>
      <subfield code="t">180169001</subfield>
    </datafield>
    <datafield tag="856" ind1=" " ind2=" ">
      <subfield code="a">https://ifl.wissensbank.com/fastlink.html?search=180169000</subfield>
      <subfield code="3">permalink</subfield>
    </datafield>
    <datafield tag="856" ind1=" " ind2=" ">
      <subfield code="a">https://ifl.wissensbank.com/cgi-bin/starfetch.exe?cRUQrygrIe7DBe6Vmlid5MAxfYzVtG4i9J6t@q8TAXrGPvMgQ6ko8zOC5DyBiD8KJJxNSpxtifaZ0AsjsuRZziEuCBkDccg@RPAKyx3l2IzYWLxH1o3p5D9lHgw3Bj8j1QTi.E2GQFplrhApF6gvAg/HK924.jpg</subfield>
      <subfield code="3">file</subfield>
    </datafield>
  </record>