
  <record>
    <leader>01250nem  22002893  4500</leader>
    <controlfield tag="001">180176000</controlfield>
    <controlfield tag="003">DE-185</controlfield>
    <controlfield tag="007">ta</controlfield>
    <controlfield tag="008">1847                             i|fre</controlfield>
    <datafield tag="041" ind1=" " ind2=" ">
      <subfield code="a">fre</subfield>
    </datafield>
    <datafield tag="084" ind1=" " ind2=" ">
      <subfield code="a">RA06.03 Italien</subfield>
    </datafield>
    <datafield tag="225" ind1=" " ind2=" ">
      <subfield code="c">E 12°27'37"-E 12°29'26"/N 41°54'24"-N 41°52'43"</subfield>
    </datafield>
    <datafield tag="245" ind1="1" ind2="0">
      <subfield code="a">Rome-Antiqve</subfield>
      <subfield code="b">Avx Epoqves D'Avgvste et de Tibère ov Plan A La Maniere Antiqve Des Principales Regions De Cette Ville ; Relevé Svr Les Rvines</subfield>
      <subfield code="c">Par J. A. Léveil Architecte Ancien Pensionnaire De L'Academie De France A Rome. Étvdié En Collaboration Avec Ch. Dezobry Avtevr De Rome Av Siècle D'Avgvste. A.F. Lemaitre sculp. Restavré D'Après Le Plan De Marbre Dv Mvsée Capitolin Le Textes Des Avtevrs Anciens Et Les Travavx Les Plvs Accredités Des Antiqvaires</subfield>
    </datafield>
    <datafield tag="260" ind1=" " ind2=" ">
      <subfield code="a">Paris</subfield>
      <subfield code="c">1847</subfield>
    </datafield>
    <datafield tag="300" ind1=" " ind2=" ">
      <subfield code="a">1 Kt.</subfield>
      <subfield code="b">unkolor.</subfield>
      <subfield code="c">75 x 49 cm, gefaltet</subfield>
    </datafield>
    <datafield tag="337" ind1=" " ind2=" ">
      <subfield code="a">Karte</subfield>
    </datafield>
    <datafield tag="500" ind1=" " ind2=" ">
      <subfield code="a">Maßstab in graph. Form (Mètre, Pieds Romains). - Titel oben links. - Maßstab oben rechts. - Mit 2 Tab. der aufgeführten Gebäude, Plätze etc. - Auf Leinen aufgezogen. - Relief angedeutet</subfield>
    </datafield>
    <datafield tag="520" ind1="3" ind2="#">
      <subfield code="a">Stadtplan von Rom zur Zeit von Augustus von Tiberius</subfield>
    </datafield>
    <datafield tag="650" ind1=" " ind2="4">
      <subfield code="a">Stadtplan</subfield>
    </datafield>
    <datafield tag="650" ind1=" " ind2="4">
      <subfield code="a">Altkarte</subfield>
    </datafield>
    <datafield tag="650" ind1=" " ind2="4">
      <subfield code="a">Geschichtskarte</subfield>
    </datafield>
    <datafield tag="651" ind1=" " ind2="4">
      <subfield code="a">Italien</subfield>
    </datafield>
    <datafield tag="651" ind1=" " ind2="4">
      <subfield code="a">Roma (Rom)</subfield>
    </datafield>
    <datafield tag="653" ind1="1" ind2=" ">
      <subfield code="a">Antike</subfield>
    </datafield>
    <datafield tag="700" ind1="2" ind2=" ">
      <subfield code="a">Léveil, Jean-Arnoud</subfield>
    </datafield>
    <datafield tag="700" ind1="2" ind2=" ">
      <subfield code="a">Lemaitre, Augustin François</subfield>
    </datafield>
    <datafield tag="700" ind1="2" ind2=" ">
      <subfield code="a">Dezobry, Charles</subfield>
    </datafield>
    <datafield tag="841" ind1=" " ind2=" ">
      <subfield code="a">em__</subfield>
      <subfield code="b">1847</subfield>
      <subfield code="c">3</subfield>
    </datafield>
    <datafield tag="852" ind1=" " ind2=" ">
      <subfield code="a">DE-185</subfield>
      <subfield code="c">Historische Abteilung</subfield>
      <subfield code="m">HK 0933</subfield>
      <subfield code="t">180176001</subfield>
    </datafield>
    <datafield tag="856" ind1=" " ind2=" ">
      <subfield code="a">https://ifl.wissensbank.com/fastlink.html?search=180176000</subfield>
      <subfield code="3">permalink</subfield>
    </datafield>
    <datafield tag="856" ind1=" " ind2=" ">
      <subfield code="a">https://ifl.wissensbank.com/cgi-bin/starfetch.exe?sjKAGFPwUZogMrihUkzvB.xCpY8MRqSj8Vp5EwM38GxPodZaj6BdMFXjuSsC5QkdIuJ4P9qqUs2kO3kJ1KFjl8Va6KI4pWth32G9ZIulk1nVxGRZYqRVFf57I@r0G9yYB2.gTHzXB93FfRGc7zlqAA/HK933.jpg</subfield>
      <subfield code="3">file</subfield>
    </datafield>
  </record>