
  <record>
    <leader>01250nem  22002893  4500</leader>
    <controlfield tag="001">180178000</controlfield>
    <controlfield tag="003">DE-185</controlfield>
    <controlfield tag="007">ta</controlfield>
    <controlfield tag="008">1787                             i|ger</controlfield>
    <datafield tag="041" ind1=" " ind2=" ">
      <subfield code="a">ger</subfield>
    </datafield>
    <datafield tag="084" ind1=" " ind2=" ">
      <subfield code="a">RA05.05 Historische deutsche Gebiete</subfield>
    </datafield>
    <datafield tag="225" ind1=" " ind2=" ">
      <subfield code="c">E 7°20'00"-E 8°12'00"/N 49°19'00"-N 48°28'00"</subfield>
    </datafield>
    <datafield tag="245" ind1="1" ind2="0">
      <subfield code="a">Charte von der Grafschaft Hanau Lichtenberg</subfield>
      <subfield code="b">aus den besten franzoesischen Charten auf das genaueste zusammengetragen</subfield>
    </datafield>
    <datafield tag="260" ind1=" " ind2=" ">
      <subfield code="a">Nürnb.</subfield>
      <subfield code="b">Grattenauersche Buchhandl.</subfield>
      <subfield code="c">1787</subfield>
    </datafield>
    <datafield tag="300" ind1=" " ind2=" ">
      <subfield code="a">1 Kt.</subfield>
      <subfield code="b">teilw. kolor.</subfield>
      <subfield code="c">36 x 52 cm</subfield>
    </datafield>
    <datafield tag="337" ind1=" " ind2=" ">
      <subfield code="a">Karte</subfield>
    </datafield>
    <datafield tag="500" ind1=" " ind2=" ">
      <subfield code="a">Maßstab in graph. Form (teutsche Meilen, gemeine französische Meilen). - Titel oberhalb des Kt.-Feldes. - Maßstab und Legende unten links. - Ämter und Verwaltungsbezirke z. T. farbig. - Mit 1 Nebenkt.: Das Amt Babenhausen. - Relief angedeutet</subfield>
    </datafield>
    <datafield tag="520" ind1="3" ind2="#">
      <subfield code="a">Grafschaft Hanau-Lichtenberg mit Siedlungen, Straßen, Wäldern etc.</subfield>
    </datafield>
    <datafield tag="650" ind1=" " ind2="4">
      <subfield code="a">Altkarte</subfield>
    </datafield>
    <datafield tag="651" ind1=" " ind2="4">
      <subfield code="a">Alsace (Elsass)</subfield>
    </datafield>
    <datafield tag="700" ind1="2" ind2=" ">
      <subfield code="a">Grattenauer, Ernst Christoph</subfield>
    </datafield>
    <datafield tag="841" ind1=" " ind2=" ">
      <subfield code="a">em__</subfield>
      <subfield code="b">1787</subfield>
      <subfield code="c">3</subfield>
    </datafield>
    <datafield tag="852" ind1=" " ind2=" ">
      <subfield code="a">DE-185</subfield>
      <subfield code="c">Historische Abteilung</subfield>
      <subfield code="m">HK 0935</subfield>
      <subfield code="t">180178001</subfield>
    </datafield>
    <datafield tag="856" ind1=" " ind2=" ">
      <subfield code="a">https://ifl.wissensbank.com/fastlink.html?search=180178000</subfield>
      <subfield code="3">permalink</subfield>
    </datafield>
    <datafield tag="856" ind1=" " ind2=" ">
      <subfield code="a">https://ifl.wissensbank.com/cgi-bin/starfetch.exe?XCpj5V9.Q8JoY2SGzW@gGPcUTRO6gA72IP4I8UqpsdIRPp@vyhxNqrbK779P@shBDmy9xhI8yeiidRzOu1Kf99.lXqGwK6VVsgAHuvaqJNeV4.R6HSphULCTGHfsOQwfuqF1VsvHXhmVtLefhpTv@w/HK%200935.jpg</subfield>
      <subfield code="3">file</subfield>
    </datafield>
  </record>