
  <record>
    <leader>01250nem  22002893  4500</leader>
    <controlfield tag="001">180180000</controlfield>
    <controlfield tag="003">DE-185</controlfield>
    <controlfield tag="007">ta</controlfield>
    <controlfield tag="008">1800                             i|fre</controlfield>
    <datafield tag="041" ind1=" " ind2=" ">
      <subfield code="a">fre</subfield>
    </datafield>
    <datafield tag="084" ind1=" " ind2=" ">
      <subfield code="a">RA05.14 Schweiz</subfield>
    </datafield>
    <datafield tag="225" ind1=" " ind2=" ">
      <subfield code="c">E 6°01'00"-E 11°00'00"/N 48°04'00"-N 45°48'00"</subfield>
    </datafield>
    <datafield tag="245" ind1="1" ind2="0">
      <subfield code="a">Nouvelle Carte Hydrographique et Routière de la Suisse</subfield>
      <subfield code="c">Levée et executée par J. H. Weiss Ing[enieu]r Geo[gra]phe à l'Etat Major Géneral de l'Armée du Rhin</subfield>
    </datafield>
    <datafield tag="260" ind1=" " ind2=" ">
      <subfield code="a">Strasbourg</subfield>
      <subfield code="c">8 [1800]</subfield>
    </datafield>
    <datafield tag="300" ind1=" " ind2=" ">
      <subfield code="a">1 Kt.</subfield>
      <subfield code="b">teilw. kolor.</subfield>
      <subfield code="c">85 x 54 cm</subfield>
    </datafield>
    <datafield tag="337" ind1=" " ind2=" ">
      <subfield code="a">Karte</subfield>
    </datafield>
    <datafield tag="500" ind1=" " ind2=" ">
      <subfield code="a">Maßstab in graph. Form (Lieues). - Titel und Maßstab oben Mitte. - Mit Tab. mit geogr. Koordinaten oben links. - Mit Erl. oben rechts. - Relief: Bergstriche</subfield>
    </datafield>
    <datafield tag="520" ind1="3" ind2="#">
      <subfield code="a">Schweiz mit Siedlungen, Gewässern, Verkehrsverbindungen etc.</subfield>
    </datafield>
    <datafield tag="650" ind1=" " ind2="4">
      <subfield code="a">Altkarte</subfield>
    </datafield>
    <datafield tag="650" ind1=" " ind2="4">
      <subfield code="a">Gewässerkarte</subfield>
    </datafield>
    <datafield tag="650" ind1=" " ind2="4">
      <subfield code="a">Verkehrskarte</subfield>
    </datafield>
    <datafield tag="651" ind1=" " ind2="4">
      <subfield code="a">Schweiz</subfield>
    </datafield>
    <datafield tag="700" ind1="2" ind2=" ">
      <subfield code="a">Weiß, Johann Heinrich</subfield>
    </datafield>
    <datafield tag="841" ind1=" " ind2=" ">
      <subfield code="a">em__</subfield>
      <subfield code="b">1800</subfield>
      <subfield code="c">3</subfield>
    </datafield>
    <datafield tag="852" ind1=" " ind2=" ">
      <subfield code="a">DE-185</subfield>
      <subfield code="c">Historische Abteilung</subfield>
      <subfield code="m">HK 0937</subfield>
      <subfield code="t">180180001</subfield>
    </datafield>
    <datafield tag="856" ind1=" " ind2=" ">
      <subfield code="a">https://ifl.wissensbank.com/fastlink.html?search=180180000</subfield>
      <subfield code="3">permalink</subfield>
    </datafield>
    <datafield tag="856" ind1=" " ind2=" ">
      <subfield code="a">https://ifl.wissensbank.com/cgi-bin/starfetch.exe?oknzMDUQEmu7jwi@YS@BN5FOOPfOoWTAvgzwv4NAN1s43FYR6ofMqdh9G4cTKwkIoBajJyFkrNncGv9g.lLcMvGr5TrRxtEFypnxA0qXbAuUtv1D7dln1xrSplV6o.huX1vz7PMBofqcZ1@7WM2n6w/HK937.jpg</subfield>
      <subfield code="3">file</subfield>
    </datafield>
  </record>