
  <record>
    <leader>01250nem  22002893  4500</leader>
    <controlfield tag="001">180181000</controlfield>
    <controlfield tag="003">DE-185</controlfield>
    <controlfield tag="007">ta</controlfield>
    <controlfield tag="008">1849                             i|ger</controlfield>
    <datafield tag="041" ind1=" " ind2=" ">
      <subfield code="a">ger</subfield>
    </datafield>
    <datafield tag="084" ind1=" " ind2=" ">
      <subfield code="a">RJ03.01 Australien</subfield>
    </datafield>
    <datafield tag="225" ind1=" " ind2=" ">
      <subfield code="c">E 88°14'00"-E 169°53'00"/N 15°17'00"-S 43°57'00"</subfield>
    </datafield>
    <datafield tag="245" ind1="1" ind2="0">
      <subfield code="a">Asiatischer Archipel und Neu Holland</subfield>
    </datafield>
    <datafield tag="260" ind1=" " ind2=" ">
      <subfield code="a">Hildburghausen [u.a.]</subfield>
      <subfield code="b">Bibliographisches Institut</subfield>
      <subfield code="c">1849</subfield>
    </datafield>
    <datafield tag="300" ind1=" " ind2=" ">
      <subfield code="a">1 Kt.</subfield>
      <subfield code="b">Grenzen kolor.</subfield>
      <subfield code="c">27 x 20 cm</subfield>
    </datafield>
    <datafield tag="337" ind1=" " ind2=" ">
      <subfield code="a">Karte</subfield>
    </datafield>
    <datafield tag="500" ind1=" " ind2=" ">
      <subfield code="a">Maßstab in graph. Form (Geographische Meilen). - Titel unten rechts. - Maßstab und Legende unten Mitte. - Mit 2 Nebenkt.: Südwestspitze vom Austral Lande mit der Colonie am Schwaanflusse. Grafschaften in Neu-Süd-Wales. - Relief: Bergschraffen</subfield>
    </datafield>
    <datafield tag="520" ind1="3" ind2="#">
      <subfield code="a">Australien mit erforschten Küstenregionen</subfield>
    </datafield>
    <datafield tag="650" ind1=" " ind2="4">
      <subfield code="a">Altkarte</subfield>
    </datafield>
    <datafield tag="651" ind1=" " ind2="4">
      <subfield code="a">Australien</subfield>
    </datafield>
    <datafield tag="651" ind1=" " ind2="4">
      <subfield code="a">Indonesien</subfield>
    </datafield>
    <datafield tag="700" ind1="2" ind2=" ">
      <subfield code="a">Kleinknecht, Lorenz Valentin</subfield>
    </datafield>
    <datafield tag="841" ind1=" " ind2=" ">
      <subfield code="a">em__</subfield>
      <subfield code="b">1849</subfield>
      <subfield code="c">3</subfield>
    </datafield>
    <datafield tag="852" ind1=" " ind2=" ">
      <subfield code="a">DE-185</subfield>
      <subfield code="c">Historische Abteilung</subfield>
      <subfield code="m">HK 0938</subfield>
      <subfield code="t">180181001</subfield>
    </datafield>
    <datafield tag="856" ind1=" " ind2=" ">
      <subfield code="a">https://ifl.wissensbank.com/fastlink.html?search=180181000</subfield>
      <subfield code="3">permalink</subfield>
    </datafield>
    <datafield tag="856" ind1=" " ind2=" ">
      <subfield code="a">https://ifl.wissensbank.com/cgi-bin/starfetch.exe?l73gLUQYDBdED.lvE6B9yG9Y4usmKh@MPfgCdCBBmeW5zXYPp20AV9AHYIl7HZEzgZ7fYgx5xcQVnz3FMPZ1ATyos2pTCWnEwMG@s2o@xnv2KHyT1z5Bhz.VYZxe@85aNDJgXaVzwWOOPPxEBDRk.w/HK%200938.jpg</subfield>
      <subfield code="3">file</subfield>
    </datafield>
  </record>