
  <record>
    <leader>01250nem  22002893  4500</leader>
    <controlfield tag="001">180185000</controlfield>
    <controlfield tag="003">DE-185</controlfield>
    <controlfield tag="007">ta</controlfield>
    <controlfield tag="008">1779                             i|dut</controlfield>
    <datafield tag="041" ind1=" " ind2=" ">
      <subfield code="a">dut</subfield>
      <subfield code="a">fre</subfield>
    </datafield>
    <datafield tag="084" ind1=" " ind2=" ">
      <subfield code="a">RI03.22 Japan</subfield>
    </datafield>
    <datafield tag="225" ind1=" " ind2=" ">
      <subfield code="c">E 135°41'56"-E 135°48'40"/N 35°02'46"-N 34°55'31"</subfield>
    </datafield>
    <datafield tag="245" ind1="1" ind2="0">
      <subfield code="a">Platte-Grondt van de Stad Miaco, Zetel van den Geestelyken Erf-Keyzer van Japan</subfield>
      <subfield code="b">na een Origineele Japansche Kaart van vyf en een halve voet lang, en vier voet breedt, onder den Ridder Hans Sloane berustende</subfield>
      <subfield code="c">in 't klein gebracht door J. G. Scheuchser</subfield>
    </datafield>
    <datafield tag="260" ind1=" " ind2=" ">
      <subfield code="a">[Lemgo]</subfield>
      <subfield code="b">[Meyer]</subfield>
      <subfield code="c">[1779]</subfield>
    </datafield>
    <datafield tag="300" ind1=" " ind2=" ">
      <subfield code="a">1 Kt.</subfield>
      <subfield code="b">kolor.</subfield>
      <subfield code="c">40 x 30 cm</subfield>
    </datafield>
    <datafield tag="337" ind1=" " ind2=" ">
      <subfield code="a">Karte</subfield>
    </datafield>
    <datafield tag="500" ind1=" " ind2=" ">
      <subfield code="a">Vermutl. aus: Kaempfer, Engelbert: Geschichte von Japan. Bd. 2. - Titel links. - Ohne Kt.-Netz. - Zählung oben rechts Tab. VII. - Relief: Einzelberge. - Titel niederl. - Parallelt. franz.</subfield>
    </datafield>
    <datafield tag="520" ind1="3" ind2="#">
      <subfield code="a">Stadtplan von Kyoto</subfield>
    </datafield>
    <datafield tag="650" ind1=" " ind2="4">
      <subfield code="a">Altkarte</subfield>
    </datafield>
    <datafield tag="651" ind1=" " ind2="4">
      <subfield code="a">Japan</subfield>
    </datafield>
    <datafield tag="651" ind1=" " ind2="4">
      <subfield code="a">Kyoto</subfield>
    </datafield>
    <datafield tag="700" ind1="2" ind2=" ">
      <subfield code="a">Scheuchzer, Johann Gaspar</subfield>
    </datafield>
    <datafield tag="700" ind1="2" ind2=" ">
      <subfield code="a">Sloane, Hans</subfield>
    </datafield>
    <datafield tag="700" ind1="2" ind2=" ">
      <subfield code="a">Meyer, ...</subfield>
    </datafield>
    <datafield tag="841" ind1=" " ind2=" ">
      <subfield code="a">em__</subfield>
      <subfield code="b">1779</subfield>
      <subfield code="c">3</subfield>
    </datafield>
    <datafield tag="852" ind1=" " ind2=" ">
      <subfield code="a">DE-185</subfield>
      <subfield code="c">Historische Abteilung</subfield>
      <subfield code="m">HK 0943</subfield>
      <subfield code="t">180185001</subfield>
    </datafield>
    <datafield tag="856" ind1=" " ind2=" ">
      <subfield code="a">https://ifl.wissensbank.com/fastlink.html?search=180185000</subfield>
      <subfield code="3">permalink</subfield>
    </datafield>
    <datafield tag="856" ind1=" " ind2=" ">
      <subfield code="a">https://ifl.wissensbank.com/cgi-bin/starfetch.exe?VhXl6yLmOcMN.oaL3GyDkqH5FhnprlEWyrz7d0dBw8kNW5vxwJDKbS6zCgq964ca6HMeP6GhlKhtmSpj2b@UN.Sa3wlZPCk2H4pqM0pQEQERmeWqb1IEQs6clOX583ee1KNIS774N9VddjYjJ.HJcw/HK%200943.jpg</subfield>
      <subfield code="3">file</subfield>
    </datafield>
  </record>