
  <record>
    <leader>01250nem  22002893  4500</leader>
    <controlfield tag="001">180190000</controlfield>
    <controlfield tag="003">DE-185</controlfield>
    <controlfield tag="007">ta</controlfield>
    <controlfield tag="008">1763                             i|ger</controlfield>
    <datafield tag="041" ind1=" " ind2=" ">
      <subfield code="a">ger</subfield>
    </datafield>
    <datafield tag="084" ind1=" " ind2=" ">
      <subfield code="a">RA05.21 Tschechische Republik</subfield>
    </datafield>
    <datafield tag="225" ind1=" " ind2=" ">
      <subfield code="c">E 13°46'28"-E 13°52'00"/N 50°38'33"-N 50°35'53"</subfield>
    </datafield>
    <datafield tag="245" ind1="1" ind2="0">
      <subfield code="a">Plan der Affaire bey Teplitz</subfield>
      <subfield code="b">welche den 2ten Augusti 1762 zwischen einen Kayserl. Corps. unter Commando des Gen. von der Cav. Fürst von Loewenstein, und einen Preussl. unter Anführung des Gen. Lieut. von Seidlitz und Gen. Majors v. Kleist vorgefallen</subfield>
    </datafield>
    <datafield tag="260" ind1=" " ind2=" ">
      <subfield code="a">[S.l.]</subfield>
      <subfield code="c">[1763?]</subfield>
    </datafield>
    <datafield tag="300" ind1=" " ind2=" ">
      <subfield code="a">1. Kt.</subfield>
      <subfield code="b">teilw. kolor.</subfield>
      <subfield code="c">60 x 42 cm</subfield>
    </datafield>
    <datafield tag="337" ind1=" " ind2=" ">
      <subfield code="a">Karte</subfield>
    </datafield>
    <datafield tag="500" ind1=" " ind2=" ">
      <subfield code="a">Ohne Maßstab. - Titel oben rechts. - Mit großer Windrose links oben. - Ausführl. Erl. rechts unter Titel. - Relief angedeutet</subfield>
    </datafield>
    <datafield tag="520" ind1="3" ind2="#">
      <subfield code="a">Grundriß von Teplitz mit Umgebung und farbig eingezeichneten Truppenformationen</subfield>
    </datafield>
    <datafield tag="650" ind1=" " ind2="4">
      <subfield code="a">Altkarte</subfield>
    </datafield>
    <datafield tag="651" ind1=" " ind2="4">
      <subfield code="a">Tschechien</subfield>
    </datafield>
    <datafield tag="651" ind1=" " ind2="4">
      <subfield code="a">Teplice</subfield>
    </datafield>
    <datafield tag="653" ind1="1" ind2=" ">
      <subfield code="a">Krieg/Bürgerkrieg</subfield>
    </datafield>
    <datafield tag="700" ind1="2" ind2=" ">
      <subfield code="a">Löwenstein-Wertheim-Rochefort, Christian Philipp zu</subfield>
    </datafield>
    <datafield tag="700" ind1="2" ind2=" ">
      <subfield code="a">Seydlitz, Friedrich Wilhelm von</subfield>
    </datafield>
    <datafield tag="700" ind1="2" ind2=" ">
      <subfield code="a">Kleist, ... von</subfield>
    </datafield>
    <datafield tag="841" ind1=" " ind2=" ">
      <subfield code="a">em__</subfield>
      <subfield code="b">1763</subfield>
      <subfield code="c">3</subfield>
    </datafield>
    <datafield tag="852" ind1=" " ind2=" ">
      <subfield code="a">DE-185</subfield>
      <subfield code="c">Historische Abteilung</subfield>
      <subfield code="m">HK 0948</subfield>
      <subfield code="t">180190001</subfield>
    </datafield>
    <datafield tag="856" ind1=" " ind2=" ">
      <subfield code="a">https://ifl.wissensbank.com/fastlink.html?search=180190000</subfield>
      <subfield code="3">permalink</subfield>
    </datafield>
    <datafield tag="856" ind1=" " ind2=" ">
      <subfield code="a">https://ifl.wissensbank.com/cgi-bin/starfetch.exe?Zw2TgRshvQh@QgnuxerT5qNS.DAmBEwXac8OzVjcWQmMaj7xMwrj1n0YowiQLPaQyJwt88.CYX7HzGhjSK9Edgh64rlf4yPBVNV3YhQBpCPeLBFaFiNYM@WikXn7fX1jr3QoUqYTOYTcLHFalTd3eg/HK%200948.jpg</subfield>
      <subfield code="3">file</subfield>
    </datafield>
  </record>