
  <record>
    <leader>01250nem  22002893  4500</leader>
    <controlfield tag="001">180233000</controlfield>
    <controlfield tag="003">DE-185</controlfield>
    <controlfield tag="007">ta</controlfield>
    <controlfield tag="008">1832                             i|ger</controlfield>
    <datafield tag="041" ind1=" " ind2=" ">
      <subfield code="a">ger</subfield>
    </datafield>
    <datafield tag="084" ind1=" " ind2=" ">
      <subfield code="a">RA04.04 Belgien</subfield>
    </datafield>
    <datafield tag="225" ind1=" " ind2=" ">
      <subfield code="c">E 4°22'21"-E 4°25'21"/N 51°12'47"-N 51°11'17"</subfield>
    </datafield>
    <datafield tag="245" ind1="1" ind2="0">
      <subfield code="a">Plan Der Belagerung Der Citadelle von Antwerpen</subfield>
      <subfield code="b">entworfen nach den bis zum 13ten Decbr. 1832 eingegangenen Berichten und Zeitungsnachrichten und herausgegeben zum Besten der Hinterlassenen der bei der Vertheidigung gebliebenen Hollaendischen Krieger</subfield>
      <subfield code="c">von W. v. Motz, K. Pr. Lt. i. Ing. Corps &amp;c</subfield>
    </datafield>
    <datafield tag="260" ind1=" " ind2=" ">
      <subfield code="a">[S.l.]</subfield>
      <subfield code="c">[nach 1832]</subfield>
    </datafield>
    <datafield tag="300" ind1=" " ind2=" ">
      <subfield code="a">1832</subfield>
      <subfield code="b">unkolor.</subfield>
      <subfield code="c">36 x 27 cm</subfield>
    </datafield>
    <datafield tag="337" ind1=" " ind2=" ">
      <subfield code="a">Karte</subfield>
    </datafield>
    <datafield tag="500" ind1=" " ind2=" ">
      <subfield code="a">Maßstab in graph. Form (Mètres, Toisen, Ruthen rheinl.). - Titel oberhalb des Kt.-Feldes. - Maßstab unterhalb des Kt.-Netzes. - Legende unten rechts. - Ohne Kt.-Netz. - Ohne Geländedarst. - Ohne Relief</subfield>
    </datafield>
    <datafield tag="520" ind1="3" ind2="#">
      <subfield code="a">Belagerungskarte der Zitadelle von Antwerpen</subfield>
    </datafield>
    <datafield tag="650" ind1=" " ind2="4">
      <subfield code="a">Altkarte</subfield>
    </datafield>
    <datafield tag="650" ind1=" " ind2="4">
      <subfield code="a">Militärkartographie</subfield>
    </datafield>
    <datafield tag="651" ind1=" " ind2="4">
      <subfield code="a">Belgien</subfield>
    </datafield>
    <datafield tag="651" ind1=" " ind2="4">
      <subfield code="a">Antwerpen</subfield>
    </datafield>
    <datafield tag="653" ind1="1" ind2=" ">
      <subfield code="a">Krieg/Bürgerkrieg</subfield>
    </datafield>
    <datafield tag="653" ind1="1" ind2=" ">
      <subfield code="a">Burg/Festung</subfield>
    </datafield>
    <datafield tag="700" ind1="2" ind2=" ">
      <subfield code="a">Motz, W. von</subfield>
    </datafield>
    <datafield tag="841" ind1=" " ind2=" ">
      <subfield code="a">em__</subfield>
      <subfield code="b">1832</subfield>
      <subfield code="c">3</subfield>
    </datafield>
    <datafield tag="852" ind1=" " ind2=" ">
      <subfield code="a">DE-185</subfield>
      <subfield code="c">Historische Abteilung</subfield>
      <subfield code="m">HK 0949</subfield>
      <subfield code="t">180233001</subfield>
    </datafield>
    <datafield tag="856" ind1=" " ind2=" ">
      <subfield code="a">https://ifl.wissensbank.com/fastlink.html?search=180233000</subfield>
      <subfield code="3">permalink</subfield>
    </datafield>
    <datafield tag="856" ind1=" " ind2=" ">
      <subfield code="a">https://ifl.wissensbank.com/cgi-bin/starfetch.exe?eZjmo4iFFEQ7.SM54b9wEn25gcAVmphkdKhRHUq@mLAcyAz2sTsCBaenguZgt3L3alBB8KLYsNlGjZrDhcUNciMcdHvuliY8eiWZr1rn7JUsYAFHqdiBalj6oVjfeqVtqRPvpBOEYdcVHDxz5ccKgQ/HK%200949.jpg</subfield>
      <subfield code="3">file</subfield>
    </datafield>
  </record>