
  <record>
    <leader>01250nem  22002893  4500</leader>
    <controlfield tag="001">180235000</controlfield>
    <controlfield tag="003">DE-185</controlfield>
    <controlfield tag="007">ta</controlfield>
    <controlfield tag="008">1871                             i|ger</controlfield>
    <datafield tag="041" ind1=" " ind2=" ">
      <subfield code="a">ger</subfield>
    </datafield>
    <datafield tag="084" ind1=" " ind2=" ">
      <subfield code="a">RA04.06 Frankreich</subfield>
    </datafield>
    <datafield tag="225" ind1=" " ind2=" ">
      <subfield code="c">W 0°49'00"-E 8°40'00"/N 50°10'00"-N 46°33'00"</subfield>
    </datafield>
    <datafield tag="245" ind1="1" ind2="0">
      <subfield code="a">Marsch-Routen Karte für die Armee-Corps resp. Infanterie- u. Cavallerie-Divisionen der Deutschen Armeen im Kriege gegen Frankreich 1870/71</subfield>
      <subfield code="c">Anast. Umdr. d. geogr. lith. Inst. u. Steindr. v. W. Greve, Kgl. Hoflith. Berlin.</subfield>
    </datafield>
    <datafield tag="260" ind1=" " ind2=" ">
      <subfield code="a">Berlin</subfield>
      <subfield code="b">Verlag der Kgl. Hofbuchh. v. E. S. Mittler &amp; Sohn</subfield>
      <subfield code="c">[ca. 1871]</subfield>
    </datafield>
    <datafield tag="300" ind1=" " ind2=" ">
      <subfield code="a">1 Kt.</subfield>
      <subfield code="b">teilw. kolor.</subfield>
      <subfield code="c">139 x 78 cm, gefaltet 22 x 28 cm</subfield>
    </datafield>
    <datafield tag="337" ind1=" " ind2=" ">
      <subfield code="a">Karte</subfield>
    </datafield>
    <datafield tag="500" ind1=" " ind2=" ">
      <subfield code="a">Zu: Sanitäts-Bericht über die Deutschen Heere, 1870/71 ; 2. - Titel unten rechts. - Erl. zu Truppenbewegungen unten links. - Truppenbewegungen farbig. - Ohne Relief</subfield>
    </datafield>
    <datafield tag="520" ind1="3" ind2="#">
      <subfield code="a">Frankreich mit Truppenbewegungen der Deutschen Armeen im Krieg gegen Frankreich 1870/1871</subfield>
    </datafield>
    <datafield tag="650" ind1=" " ind2="4">
      <subfield code="a">Altkarte</subfield>
    </datafield>
    <datafield tag="650" ind1=" " ind2="4">
      <subfield code="a">Militärkartographie</subfield>
    </datafield>
    <datafield tag="651" ind1=" " ind2="4">
      <subfield code="a">Frankreich</subfield>
    </datafield>
    <datafield tag="653" ind1="1" ind2=" ">
      <subfield code="a">Krieg/Bürgerkrieg</subfield>
    </datafield>
    <datafield tag="700" ind1="2" ind2=" ">
      <subfield code="a">Greve, Wilhelm</subfield>
    </datafield>
    <datafield tag="841" ind1=" " ind2=" ">
      <subfield code="a">em__</subfield>
      <subfield code="b">1871</subfield>
      <subfield code="c">3</subfield>
    </datafield>
    <datafield tag="852" ind1=" " ind2=" ">
      <subfield code="a">DE-185</subfield>
      <subfield code="c">Historische Abteilung</subfield>
      <subfield code="m">HK 0951</subfield>
      <subfield code="t">180235001</subfield>
    </datafield>
    <datafield tag="856" ind1=" " ind2=" ">
      <subfield code="a">https://ifl.wissensbank.com/fastlink.html?search=180235000</subfield>
      <subfield code="3">permalink</subfield>
    </datafield>
    <datafield tag="856" ind1=" " ind2=" ">
      <subfield code="a">https://ifl.wissensbank.com/cgi-bin/starfetch.exe?oU3ojZWQcNlbmtt0DIEuOhptQ8oMcrkV.aGZzV7igmzlGCgHnh9cXwoFCsC55jq7WuI4NOid5NqNcrR4iSvp0@G1lUKACpzfGPY46B3sVbWSlsduz6SVc2TZWcrw@lzXBvFT3YYJBae9o5QxMqWZ6g/HK951.jpg</subfield>
      <subfield code="3">file</subfield>
    </datafield>
  </record>