
  <record>
    <leader>01250nem  22002893  4500</leader>
    <controlfield tag="001">180247000</controlfield>
    <controlfield tag="003">DE-185</controlfield>
    <controlfield tag="007">ta</controlfield>
    <controlfield tag="008">1869                             i|ger</controlfield>
    <datafield tag="041" ind1=" " ind2=" ">
      <subfield code="a">ger</subfield>
    </datafield>
    <datafield tag="084" ind1=" " ind2=" ">
      <subfield code="a">RA08.28 Montenegro</subfield>
    </datafield>
    <datafield tag="225" ind1=" " ind2=" ">
      <subfield code="c">E 18°02'22"-E 19°01'55"/N 42°27'33"-N 41°58'47"</subfield>
    </datafield>
    <datafield tag="245" ind1="1" ind2="0">
      <subfield code="a">Special Karte des Fürstenthumes Montenegro (Cèrnagora)</subfield>
      <subfield code="b">mit angrenzenden Gebieten von Dalmatien, Albanien, Bosnien und der Hercegovina</subfield>
    </datafield>
    <datafield tag="260" ind1=" " ind2=" ">
      <subfield code="a">[Wien]</subfield>
      <subfield code="b">K.K. Militaer-Geographisches Institut</subfield>
      <subfield code="c">1869</subfield>
    </datafield>
    <datafield tag="300" ind1=" " ind2=" ">
      <subfield code="a">1 Kt. auf [5] Bl.</subfield>
      <subfield code="b">unkolor.</subfield>
      <subfield code="c">Je Teil ca. 56 x 35 cm</subfield>
    </datafield>
    <datafield tag="337" ind1=" " ind2=" ">
      <subfield code="a">Karte</subfield>
    </datafield>
    <datafield tag="500" ind1=" " ind2=" ">
      <subfield code="a">Nur 3 Bl. vorhanden (HK 1124 = Bl. 4, HK 1125 = Bl. 2, HK 1126 = Bl. 3). - Maßstab in graph. Form (Klafter). - Titel, Maßstab, Legende und Bemerkungen auf Bl. 4. - Bl.Zählung je oben rechts. - Relief teilw. plastisch, teilw. Schraffen</subfield>
    </datafield>
    <datafield tag="520" ind1="3" ind2="#">
      <subfield code="a">Fürstentum Montenegro mit Städten, Gebirgen etc.</subfield>
    </datafield>
    <datafield tag="650" ind1=" " ind2="4">
      <subfield code="a">Altkarte</subfield>
    </datafield>
    <datafield tag="650" ind1=" " ind2="4">
      <subfield code="a">Küste</subfield>
    </datafield>
    <datafield tag="651" ind1=" " ind2="4">
      <subfield code="a">Montenegro</subfield>
    </datafield>
    <datafield tag="841" ind1=" " ind2=" ">
      <subfield code="a">em__</subfield>
      <subfield code="b">1869</subfield>
      <subfield code="c">3</subfield>
    </datafield>
    <datafield tag="852" ind1=" " ind2=" ">
      <subfield code="a">DE-185</subfield>
      <subfield code="c">Historische Abteilung</subfield>
      <subfield code="m">HK 1124</subfield>
      <subfield code="t">180247001</subfield>
    </datafield>
    <datafield tag="856" ind1=" " ind2=" ">
      <subfield code="a">https://ifl.wissensbank.com/fastlink.html?search=180247000</subfield>
      <subfield code="3">permalink</subfield>
    </datafield>
    <datafield tag="856" ind1=" " ind2=" ">
      <subfield code="a">https://ifl.wissensbank.com/cgi-bin/starfetch.exe?i8fyrhZ6exWoSVHfsQUpCQwe06jzoHoW0l3RkmyXQsd.EodMnxTqdfuTays3GKdseBnX5xjgUGAqMOuQ86gZbLNUqSM3ZigGVJQC4522Rz9TYC0drFoDoFE7i64EjczopQjqaERpsMb2DwsdI7zISg/HK%201124.jpg</subfield>
      <subfield code="3">file</subfield>
    </datafield>
  </record>