
  <record>
    <leader>01250nem  22002893  4500</leader>
    <controlfield tag="001">180255000</controlfield>
    <controlfield tag="003">DE-185</controlfield>
    <controlfield tag="007">ta</controlfield>
    <controlfield tag="008">1867                             i|ger</controlfield>
    <datafield tag="041" ind1=" " ind2=" ">
      <subfield code="a">ger</subfield>
    </datafield>
    <datafield tag="084" ind1=" " ind2=" ">
      <subfield code="a">RA05.21 Tschechische Republik</subfield>
    </datafield>
    <datafield tag="225" ind1=" " ind2=" ">
      <subfield code="a">1:25.000</subfield>
      <subfield code="c">E 15°45'41"-E 15°51'19"/N 50°27'30"-N 50°23'45"</subfield>
    </datafield>
    <datafield tag="245" ind1="1" ind2="0">
      <subfield code="a">Plan des Gefechtsfeldes von Königinhof, am 29ten und 30ten Juni 1866</subfield>
      <subfield code="c">Aufgenommen vom 15ten August bis 9ten September. Durch: Frhr. v. Lyncker, Pr. Ltn. im II Garde Regt. z. F. Von Tschudi, Pr. Ltn. im Garde Pionier Bat.</subfield>
    </datafield>
    <datafield tag="260" ind1=" " ind2=" ">
      <subfield code="a">[Berlin]</subfield>
      <subfield code="b">[Eisenschmidt]</subfield>
      <subfield code="c">[1867]</subfield>
    </datafield>
    <datafield tag="300" ind1=" " ind2=" ">
      <subfield code="a">1 Kt.</subfield>
      <subfield code="b">unkolor.</subfield>
      <subfield code="c">40 x 51 cm</subfield>
    </datafield>
    <datafield tag="337" ind1=" " ind2=" ">
      <subfield code="a">Karte</subfield>
    </datafield>
    <datafield tag="500" ind1=" " ind2=" ">
      <subfield code="a">Inselkt. - Maßstab in graph. Form (Schritt). - Titel oberhalb der Kt. - Maßstab und Böschungsmesser für die Schichthöhe unterhalb der Kt. - Relief durch Isohypsen. - Mit Höhenangaben</subfield>
    </datafield>
    <datafield tag="520" ind1="3" ind2="#">
      <subfield code="a">Königinhof an der Elbe und Umgebung mit Siedlungen, Straßen, Gewässer etc.</subfield>
    </datafield>
    <datafield tag="650" ind1=" " ind2="4">
      <subfield code="a">Altkarte</subfield>
    </datafield>
    <datafield tag="650" ind1=" " ind2="4">
      <subfield code="a">Militärkartographie</subfield>
    </datafield>
    <datafield tag="651" ind1=" " ind2="4">
      <subfield code="a">Tschechien</subfield>
    </datafield>
    <datafield tag="651" ind1=" " ind2="4">
      <subfield code="a">Dvůr Králové (Königinhof)</subfield>
    </datafield>
    <datafield tag="651" ind1=" " ind2="4">
      <subfield code="a">Dvůr Králové (Königinhof)</subfield>
    </datafield>
    <datafield tag="700" ind1="2" ind2=" ">
      <subfield code="a">Lyncker, ...</subfield>
    </datafield>
    <datafield tag="700" ind1="2" ind2=" ">
      <subfield code="a">Tschudi, ...</subfield>
    </datafield>
    <datafield tag="841" ind1=" " ind2=" ">
      <subfield code="a">em__</subfield>
      <subfield code="b">1867</subfield>
      <subfield code="c">3</subfield>
    </datafield>
    <datafield tag="852" ind1=" " ind2=" ">
      <subfield code="a">DE-185</subfield>
      <subfield code="c">Historische Abteilung</subfield>
      <subfield code="m">HK 0955</subfield>
      <subfield code="t">180255001</subfield>
    </datafield>
    <datafield tag="856" ind1=" " ind2=" ">
      <subfield code="a">https://ifl.wissensbank.com/fastlink.html?search=180255000</subfield>
      <subfield code="3">permalink</subfield>
    </datafield>
    <datafield tag="856" ind1=" " ind2=" ">
      <subfield code="a">https://ifl.wissensbank.com/cgi-bin/starfetch.exe?IbLKufCbcneDHiBL13WYYXTTVKbX.j3LBW0Jh5uxdlC.g6oDBlT4kyxAYLl0Ezwh9gJqNHkeytUMBstIULJymkTvMGV1V.FXdri@l2D6xnlSG0miV7yN.7isIU4UXklW4bpwMlkx.AfLUoycehaPwg/HK%200955.jpg</subfield>
      <subfield code="3">file</subfield>
    </datafield>
  </record>