
  <record>
    <leader>01250nem  22002893  4500</leader>
    <controlfield tag="001">180256000</controlfield>
    <controlfield tag="003">DE-185</controlfield>
    <controlfield tag="007">ta</controlfield>
    <controlfield tag="008">1808                             i|eng</controlfield>
    <datafield tag="041" ind1=" " ind2=" ">
      <subfield code="a">eng</subfield>
    </datafield>
    <datafield tag="084" ind1=" " ind2=" ">
      <subfield code="a">RA06.01 Portugal</subfield>
    </datafield>
    <datafield tag="225" ind1=" " ind2=" ">
      <subfield code="c">W 9°21'57"-W 9°15'17"/N 39°12'32"-N 39°08'00"</subfield>
    </datafield>
    <datafield tag="245" ind1="1" ind2="0">
      <subfield code="a">Battle of Vimieiro</subfield>
      <subfield code="c">From a Survey by Major Pierrepont</subfield>
    </datafield>
    <datafield tag="260" ind1=" " ind2=" ">
      <subfield code="a">[London]</subfield>
      <subfield code="b">Military Depôt, Q[uarte]r Mast[e]r Gen[era]ls Office, Horse Guards</subfield>
      <subfield code="c">1808</subfield>
    </datafield>
    <datafield tag="300" ind1=" " ind2=" ">
      <subfield code="a">1 Kt.</subfield>
      <subfield code="b">teilw. kolor.</subfield>
      <subfield code="c">46 x 37 cm</subfield>
    </datafield>
    <datafield tag="337" ind1=" " ind2=" ">
      <subfield code="a">Karte</subfield>
    </datafield>
    <datafield tag="500" ind1=" " ind2=" ">
      <subfield code="a">Maßstab in graph. Form (Mile). - Titel und Maßstab unten links. - Mit Truppenstellungen. - Erl. der Truppenstellungen unten links. - Abkürzung unten links: T. A. - Mit Bergschraffen. - Titel und Erl. in engl.</subfield>
    </datafield>
    <datafield tag="520" ind1="3" ind2="#">
      <subfield code="a">Vimeiro und Umgebung mit Truppenstellungen während der Schlacht von Vimeiro (21. August 1808)</subfield>
    </datafield>
    <datafield tag="650" ind1=" " ind2="4">
      <subfield code="a">Altkarte</subfield>
    </datafield>
    <datafield tag="650" ind1=" " ind2="4">
      <subfield code="a">Militärkartographie</subfield>
    </datafield>
    <datafield tag="651" ind1=" " ind2="4">
      <subfield code="a">Portugal</subfield>
    </datafield>
    <datafield tag="651" ind1=" " ind2="4">
      <subfield code="a">Vimeiro (Lourinhã)</subfield>
    </datafield>
    <datafield tag="653" ind1="1" ind2=" ">
      <subfield code="a">Krieg/Bürgerkrieg</subfield>
    </datafield>
    <datafield tag="700" ind1="2" ind2=" ">
      <subfield code="a">Pierrepont, ...</subfield>
    </datafield>
    <datafield tag="841" ind1=" " ind2=" ">
      <subfield code="a">em__</subfield>
      <subfield code="b">1808</subfield>
      <subfield code="c">3</subfield>
    </datafield>
    <datafield tag="852" ind1=" " ind2=" ">
      <subfield code="a">DE-185</subfield>
      <subfield code="c">Historische Abteilung</subfield>
      <subfield code="m">HK 0956</subfield>
      <subfield code="t">180256001</subfield>
    </datafield>
    <datafield tag="856" ind1=" " ind2=" ">
      <subfield code="a">https://ifl.wissensbank.com/fastlink.html?search=180256000</subfield>
      <subfield code="3">permalink</subfield>
    </datafield>
    <datafield tag="856" ind1=" " ind2=" ">
      <subfield code="a">https://ifl.wissensbank.com/cgi-bin/starfetch.exe?Klj8jWuN0tQBFithzS.HnfmkNbUF1eJY4Pah.Y0EO5DVstSy@2Ab29WWxgSMpBidzY7Eeii7eVyJdDksABzbTrwjDBpY7O2D.wakEXFgxzm0qku087ICVrF4L42wh2InzDNssbbMS2qDgS15sHZv@A/HK%200956.jpg</subfield>
      <subfield code="3">file</subfield>
    </datafield>
  </record>