
  <record>
    <leader>01250nem  22002893  4500</leader>
    <controlfield tag="001">180257000</controlfield>
    <controlfield tag="003">DE-185</controlfield>
    <controlfield tag="007">ta</controlfield>
    <controlfield tag="008">1813                             i|ger</controlfield>
    <datafield tag="041" ind1=" " ind2=" ">
      <subfield code="a">ger</subfield>
    </datafield>
    <datafield tag="084" ind1=" " ind2=" ">
      <subfield code="a">RA04 Westeuropa</subfield>
    </datafield>
    <datafield tag="225" ind1=" " ind2=" ">
      <subfield code="c">W 0°41'00"-E 13°18'00"/N 56°09'00"-N 44°27'00"</subfield>
    </datafield>
    <datafield tag="245" ind1="1" ind2="0">
      <subfield code="a">Kriegschauplatz zwischen der Weser, dem Rhein und der Seine</subfield>
      <subfield code="c">gezeichnet von D. G. Reymann</subfield>
    </datafield>
    <datafield tag="260" ind1=" " ind2=" ">
      <subfield code="a">Berlin</subfield>
      <subfield code="b">Simon Schropp et. Comp.</subfield>
      <subfield code="c">1813</subfield>
    </datafield>
    <datafield tag="300" ind1=" " ind2=" ">
      <subfield code="a">1. Kt.</subfield>
      <subfield code="b">Grenzen kolor.</subfield>
      <subfield code="c">30 x 51 cm</subfield>
    </datafield>
    <datafield tag="337" ind1=" " ind2=" ">
      <subfield code="a">Karte</subfield>
    </datafield>
    <datafield tag="500" ind1=" " ind2=" ">
      <subfield code="a">Titel oberhalb des Kt.-Feldes. - Ohne Maßstab. - Straßen- und Gewässernetz. - Mit dichtem Siedlungsnetz. - Nummerierung oben rechts: No. V. - Relief in Schraffen</subfield>
    </datafield>
    <datafield tag="520" ind1="3" ind2="#">
      <subfield code="a">Mittel- und Westeuropa zwischen Schleswig-Holstein, Hamburg, Regensburg im Osten und Calais, Paris, Lyon im Westen; Nordsee im Norden; Schweiz im Süden</subfield>
    </datafield>
    <datafield tag="650" ind1=" " ind2="4">
      <subfield code="a">Altkarte</subfield>
    </datafield>
    <datafield tag="650" ind1=" " ind2="4">
      <subfield code="a">Militärkartographie</subfield>
    </datafield>
    <datafield tag="650" ind1=" " ind2="4">
      <subfield code="a">Politische Karte</subfield>
    </datafield>
    <datafield tag="651" ind1=" " ind2="4">
      <subfield code="a">Westeuropa</subfield>
    </datafield>
    <datafield tag="700" ind1="2" ind2=" ">
      <subfield code="a">Reymann, Gottlob Daniel</subfield>
    </datafield>
    <datafield tag="700" ind1="2" ind2=" ">
      <subfield code="a">Schropp, Simon</subfield>
    </datafield>
    <datafield tag="841" ind1=" " ind2=" ">
      <subfield code="a">em__</subfield>
      <subfield code="b">1813</subfield>
      <subfield code="c">3</subfield>
    </datafield>
    <datafield tag="852" ind1=" " ind2=" ">
      <subfield code="a">DE-185</subfield>
      <subfield code="c">Historische Abteilung</subfield>
      <subfield code="m">HK 0957</subfield>
      <subfield code="t">180257001</subfield>
    </datafield>
    <datafield tag="856" ind1=" " ind2=" ">
      <subfield code="a">https://ifl.wissensbank.com/fastlink.html?search=180257000</subfield>
      <subfield code="3">permalink</subfield>
    </datafield>
    <datafield tag="856" ind1=" " ind2=" ">
      <subfield code="a">https://ifl.wissensbank.com/cgi-bin/starfetch.exe?puV0JfkoiDYW9RmpcR@FE87xkZPJkuMxdDZbWg.Ybhl03Pqxfnw48t5XcjEZpymyr.m0gPiZCUl4ZI8RPZqcU9UTTtCwvtvYa@SurtaqeP8cnd9c7le8zxESwZXMpq8md@P5pA17e8wCw20F6BbVFg/HK%200957.jpg</subfield>
      <subfield code="3">file</subfield>
    </datafield>
  </record>