
  <record>
    <leader>01250nem  22002893  4500</leader>
    <controlfield tag="001">180258000</controlfield>
    <controlfield tag="003">DE-185</controlfield>
    <controlfield tag="007">ta</controlfield>
    <controlfield tag="008">1824                             i|ger</controlfield>
    <datafield tag="041" ind1=" " ind2=" ">
      <subfield code="a">ger</subfield>
    </datafield>
    <datafield tag="084" ind1=" " ind2=" ">
      <subfield code="a">RA05.01 Deutschland</subfield>
    </datafield>
    <datafield tag="225" ind1=" " ind2=" ">
      <subfield code="c">E 14°19'31"-E 14°37'46"/N 51°20'46"-N 51°12'16"</subfield>
    </datafield>
    <datafield tag="245" ind1="1" ind2="0">
      <subfield code="a">Die Schlacht von Bautzen den 21ten May 1813</subfield>
      <subfield code="c">Gezeichnet von Brügner, gestochen von Jäck</subfield>
    </datafield>
    <datafield tag="260" ind1=" " ind2=" ">
      <subfield code="a">[Berlin]</subfield>
      <subfield code="b">J. D. Hampe</subfield>
      <subfield code="c">[ca. 1824]</subfield>
    </datafield>
    <datafield tag="300" ind1=" " ind2=" ">
      <subfield code="a">1 Kt. auf 2 Bl.</subfield>
      <subfield code="b">teilw. kolor.</subfield>
      <subfield code="c">21 x 50 cm</subfield>
    </datafield>
    <datafield tag="337" ind1=" " ind2=" ">
      <subfield code="a">Karte</subfield>
    </datafield>
    <datafield tag="500" ind1=" " ind2=" ">
      <subfield code="a">Nur rechter Teil vorh. - Maßstab in graph. Form (Schritte, Meile). - Titel unten rechts. - NW oben. - Ohne Kt.-Netz. - Mit Truppenstellungen ohne Angaben für Buchstabenbezeichnungen. - Mit 1 Nebenkt.: Plan der Gegend von Koenigswarthe. - Relief in Schraffen</subfield>
    </datafield>
    <datafield tag="520" ind1="3" ind2="#">
      <subfield code="a">Umgebung von Bautzen mit Truppenstellungen, Straßen, Wegen, Wäldern etc.</subfield>
    </datafield>
    <datafield tag="650" ind1=" " ind2="4">
      <subfield code="a">Altkarte</subfield>
    </datafield>
    <datafield tag="650" ind1=" " ind2="4">
      <subfield code="a">Militärkartographie</subfield>
    </datafield>
    <datafield tag="651" ind1=" " ind2="4">
      <subfield code="a">Deutschland</subfield>
    </datafield>
    <datafield tag="651" ind1=" " ind2="4">
      <subfield code="a">Bautzen (reg.)</subfield>
    </datafield>
    <datafield tag="700" ind1="2" ind2=" ">
      <subfield code="a">Brügner, Carl</subfield>
    </datafield>
    <datafield tag="700" ind1="2" ind2=" ">
      <subfield code="a">Jäck, Carl</subfield>
    </datafield>
    <datafield tag="700" ind1="2" ind2=" ">
      <subfield code="a">Hampe, J. D.</subfield>
    </datafield>
    <datafield tag="841" ind1=" " ind2=" ">
      <subfield code="a">em__</subfield>
      <subfield code="b">1824</subfield>
      <subfield code="c">3</subfield>
    </datafield>
    <datafield tag="852" ind1=" " ind2=" ">
      <subfield code="a">DE-185</subfield>
      <subfield code="c">Historische Abteilung</subfield>
      <subfield code="m">HK 0958</subfield>
      <subfield code="t">180258001</subfield>
    </datafield>
    <datafield tag="856" ind1=" " ind2=" ">
      <subfield code="a">https://ifl.wissensbank.com/fastlink.html?search=180258000</subfield>
      <subfield code="3">permalink</subfield>
    </datafield>
    <datafield tag="856" ind1=" " ind2=" ">
      <subfield code="a">https://ifl.wissensbank.com/cgi-bin/starfetch.exe?EvmQsJtFLSUEXf2Je3cuHD8C21ZHH6R2GncxKGUugD1FGdF5gAOIKQ2x6BIBQYQLj9kP9mTWlrQ.VXZfEMMV18zVH1oW0.NNLLhg6U6nP@CUbMWf8KAyHwRFlzQM860i8.RN4iO4pSAanX8tZsCl6Q/HK%200958.jpg</subfield>
      <subfield code="3">file</subfield>
    </datafield>
  </record>