
  <record>
    <leader>01250nem  22002893  4500</leader>
    <controlfield tag="001">180260000</controlfield>
    <controlfield tag="003">DE-185</controlfield>
    <controlfield tag="007">ta</controlfield>
    <controlfield tag="008">1814                             i|eng</controlfield>
    <datafield tag="041" ind1=" " ind2=" ">
      <subfield code="a">eng</subfield>
    </datafield>
    <datafield tag="084" ind1=" " ind2=" ">
      <subfield code="a">RC02 Vereinigte Staaten</subfield>
    </datafield>
    <datafield tag="225" ind1=" " ind2=" ">
      <subfield code="c">W 77°04'13"-W 76°39'09"/N 38°56'30"-N 38°30'18"</subfield>
    </datafield>
    <datafield tag="245" ind1="1" ind2="0">
      <subfield code="a">Sketch of the March of the British Army under Gen[era]l Ross</subfield>
      <subfield code="b">From the 19th to the 29th August 1814</subfield>
      <subfield code="c">From a Sketch by D. Evans L[ieutenan]t 3d Drns. D[eput]y As[sistan]t Q[uarte]r Mas[te]r Gen[era]l. J. Wyld</subfield>
    </datafield>
    <datafield tag="260" ind1=" " ind2=" ">
      <subfield code="a">[London]</subfield>
      <subfield code="b">Military Depot, Quarter Mas[te]r Gen[era]l Office, Horse Guards</subfield>
      <subfield code="c">1814</subfield>
    </datafield>
    <datafield tag="300" ind1=" " ind2=" ">
      <subfield code="a">1 Kt.</subfield>
      <subfield code="b">teilw. kolor.</subfield>
      <subfield code="c">35 x 48 cm</subfield>
    </datafield>
    <datafield tag="337" ind1=" " ind2=" ">
      <subfield code="a">Karte</subfield>
    </datafield>
    <datafield tag="500" ind1=" " ind2=" ">
      <subfield code="a">Maßstab in graph. Form (Mile). - Titel oben rechts. - Erkl. der Farben und Maßstab Mitte des Kt.-Bildes. - Ohne Kt.-Netz. - Mit 1 Nebenkt.: Sketch of the Engagement on the 24th of August 1814 between the British and American Forces. - Maßstab und Legende der Nebenkt. unten Mitte. - Relief in Schraffen</subfield>
    </datafield>
    <datafield tag="520" ind1="3" ind2="#">
      <subfield code="a">Washington und Umgebung mit Truppenbewegungen der britischen Armee</subfield>
    </datafield>
    <datafield tag="650" ind1=" " ind2="4">
      <subfield code="a">Altkarte</subfield>
    </datafield>
    <datafield tag="650" ind1=" " ind2="4">
      <subfield code="a">Militärkartographie</subfield>
    </datafield>
    <datafield tag="651" ind1=" " ind2="4">
      <subfield code="a">USA</subfield>
    </datafield>
    <datafield tag="651" ind1=" " ind2="4">
      <subfield code="a">Washington (reg.)</subfield>
    </datafield>
    <datafield tag="651" ind1=" " ind2="4">
      <subfield code="a">Bladensburg (Md.)</subfield>
    </datafield>
    <datafield tag="653" ind1="1" ind2=" ">
      <subfield code="a">Krieg/Bürgerkrieg</subfield>
    </datafield>
    <datafield tag="700" ind1="2" ind2=" ">
      <subfield code="a">Wyld, James</subfield>
    </datafield>
    <datafield tag="700" ind1="2" ind2=" ">
      <subfield code="a">Evans, D.</subfield>
    </datafield>
    <datafield tag="700" ind1="2" ind2=" ">
      <subfield code="a">Ross, Robert</subfield>
    </datafield>
    <datafield tag="841" ind1=" " ind2=" ">
      <subfield code="a">em__</subfield>
      <subfield code="b">1814</subfield>
      <subfield code="c">3</subfield>
    </datafield>
    <datafield tag="852" ind1=" " ind2=" ">
      <subfield code="a">DE-185</subfield>
      <subfield code="c">Historische Abteilung</subfield>
      <subfield code="m">HK 0960</subfield>
      <subfield code="t">180260001</subfield>
    </datafield>
    <datafield tag="856" ind1=" " ind2=" ">
      <subfield code="a">https://ifl.wissensbank.com/fastlink.html?search=180260000</subfield>
      <subfield code="3">permalink</subfield>
    </datafield>
    <datafield tag="856" ind1=" " ind2=" ">
      <subfield code="a">https://ifl.wissensbank.com/cgi-bin/starfetch.exe?kvBZE9h9c7vkrRykoKidxldrn0UWAaYjupn75ArEH4JbOZPheW0lnb8tIhpcEANSDvkLhz8gHb7UeDFfDKLBXwh@2kBolJmpPf.LCpJv3uxM2foamv4jXZ5daRf56H8vZDTRNcOOpGfXHiw1jM1pLQ/HK%200960.jpg</subfield>
      <subfield code="3">file</subfield>
    </datafield>
  </record>