
  <record>
    <leader>01250nem  22002893  4500</leader>
    <controlfield tag="001">180261000</controlfield>
    <controlfield tag="003">DE-185</controlfield>
    <controlfield tag="007">ta</controlfield>
    <controlfield tag="008">1805                             i|ger</controlfield>
    <datafield tag="041" ind1=" " ind2=" ">
      <subfield code="a">ger</subfield>
    </datafield>
    <datafield tag="084" ind1=" " ind2=" ">
      <subfield code="a">RA05.21 Tschechische Republik</subfield>
    </datafield>
    <datafield tag="225" ind1=" " ind2=" ">
      <subfield code="c">E 16°28'56"-E 17°01'33"/N 49°17'01"-N 49°00'26"</subfield>
    </datafield>
    <datafield tag="245" ind1="1" ind2="0">
      <subfield code="a">Plan der Gegend von Austerlitz in Mähren, mit den Stellungen der vereinigten Kaiserl. russischen und oesterreichschen u. Kaiserlich französ. Armeen bei der Schlacht am 2ten Decbr. 1805</subfield>
      <subfield code="c">gez. v. Dilling</subfield>
    </datafield>
    <datafield tag="260" ind1=" " ind2=" ">
      <subfield code="a">Leipzig</subfield>
      <subfield code="b">Commission des Industri Comptoirs</subfield>
      <subfield code="c">[nach 1805]</subfield>
    </datafield>
    <datafield tag="300" ind1=" " ind2=" ">
      <subfield code="a">1 Kt.</subfield>
      <subfield code="b">teilw. kolor.</subfield>
      <subfield code="c">36 x 25 cm</subfield>
    </datafield>
    <datafield tag="337" ind1=" " ind2=" ">
      <subfield code="a">Karte</subfield>
    </datafield>
    <datafield tag="500" ind1=" " ind2=" ">
      <subfield code="a">Maßstab in graph. Form (teutsche Meile). - Titel unterhalb des Kt.-Feldes. - Maßstab unten links. - Ohne Kt.-Netz. - Mit Truppenstellungen. - Mit Bergstrichen</subfield>
    </datafield>
    <datafield tag="520" ind1="3" ind2="#">
      <subfield code="a">Brünn, Austerlitz und Umgebung mit Festungsanlagen und Truppenstellungen</subfield>
    </datafield>
    <datafield tag="650" ind1=" " ind2="4">
      <subfield code="a">Altkarte</subfield>
    </datafield>
    <datafield tag="650" ind1=" " ind2="4">
      <subfield code="a">Militärkartographie</subfield>
    </datafield>
    <datafield tag="651" ind1=" " ind2="4">
      <subfield code="a">Tschechien</subfield>
    </datafield>
    <datafield tag="651" ind1=" " ind2="4">
      <subfield code="a">Brno (Brünn) (reg.)</subfield>
    </datafield>
    <datafield tag="651" ind1=" " ind2="4">
      <subfield code="a">Slavkov u Brna (Austerlitz)</subfield>
    </datafield>
    <datafield tag="653" ind1="1" ind2=" ">
      <subfield code="a">Krieg/Bürgerkrieg</subfield>
    </datafield>
    <datafield tag="700" ind1="2" ind2=" ">
      <subfield code="a">Dilling, ...</subfield>
    </datafield>
    <datafield tag="841" ind1=" " ind2=" ">
      <subfield code="a">em__</subfield>
      <subfield code="b">1805</subfield>
      <subfield code="c">3</subfield>
    </datafield>
    <datafield tag="852" ind1=" " ind2=" ">
      <subfield code="a">DE-185</subfield>
      <subfield code="c">Historische Abteilung</subfield>
      <subfield code="m">HK 0961</subfield>
      <subfield code="t">180261001</subfield>
    </datafield>
    <datafield tag="856" ind1=" " ind2=" ">
      <subfield code="a">https://ifl.wissensbank.com/fastlink.html?search=180261000</subfield>
      <subfield code="3">permalink</subfield>
    </datafield>
    <datafield tag="856" ind1=" " ind2=" ">
      <subfield code="a">https://ifl.wissensbank.com/cgi-bin/starfetch.exe?Sz1j8ZERGavu5Dklkx@zbH8SFo5O.GZpADsDQ7O9HcEdeeJ2lg@xyvoPwvEcRebwB1xTt6mz7FkcXx0@ACHZ1DSsKtpOZsUGdq@HCwb09OrRVAHw1X4OK2kdk2bfWTqoEOX2jbDF5ZXmOU0bEkEJRw/HK%200961.jpg</subfield>
      <subfield code="3">file</subfield>
    </datafield>
  </record>