
  <record>
    <leader>01250nem  22002893  4500</leader>
    <controlfield tag="001">180264000</controlfield>
    <controlfield tag="003">DE-185</controlfield>
    <controlfield tag="007">ta</controlfield>
    <controlfield tag="008">1815                             i|eng</controlfield>
    <datafield tag="041" ind1=" " ind2=" ">
      <subfield code="a">eng</subfield>
    </datafield>
    <datafield tag="084" ind1=" " ind2=" ">
      <subfield code="a">RA06.01 Portugal</subfield>
    </datafield>
    <datafield tag="225" ind1=" " ind2=" ">
      <subfield code="c">W 9°13'54"-W 9°07'02"/N 39°21'54"-N 39°14'16"</subfield>
    </datafield>
    <datafield tag="245" ind1="1" ind2="0">
      <subfield code="a">Plan of the Action of Obidos on the 17. August 1808</subfield>
      <subfield code="c">From a Survey by Capt[ai]n Willermin R. S. C. C. Marcuard</subfield>
    </datafield>
    <datafield tag="260" ind1=" " ind2=" ">
      <subfield code="a">[London]</subfield>
      <subfield code="b">Military Depot Quar[te]r Mas[te]r Gen[era]ls Office</subfield>
      <subfield code="c">1815</subfield>
    </datafield>
    <datafield tag="300" ind1=" " ind2=" ">
      <subfield code="a">1 Kt.</subfield>
      <subfield code="b">teilw. kolor.</subfield>
      <subfield code="c">37 x 46 cm</subfield>
    </datafield>
    <datafield tag="337" ind1=" " ind2=" ">
      <subfield code="a">Karte</subfield>
    </datafield>
    <datafield tag="500" ind1=" " ind2=" ">
      <subfield code="a">Maßstab in graph. Form (Mile). - Titel oben rechts. - Maßstab unten links. - SW oben. - Mit Truppenstellungen. - Erl. zu Truppenstellungen unten rechts. - Relief: Schraffen. - Erl. engl.</subfield>
    </datafield>
    <datafield tag="520" ind1="3" ind2="#">
      <subfield code="a">Umgebung von Obidos mit Truppenstellungen, Siedlungen, Gewässer etc.</subfield>
    </datafield>
    <datafield tag="650" ind1=" " ind2="4">
      <subfield code="a">Altkarte</subfield>
    </datafield>
    <datafield tag="650" ind1=" " ind2="4">
      <subfield code="a">Militärkartographie</subfield>
    </datafield>
    <datafield tag="651" ind1=" " ind2="4">
      <subfield code="a">Portugal</subfield>
    </datafield>
    <datafield tag="651" ind1=" " ind2="4">
      <subfield code="a">Óbidos (reg.)</subfield>
    </datafield>
    <datafield tag="700" ind1="2" ind2=" ">
      <subfield code="a">Willermin, William</subfield>
    </datafield>
    <datafield tag="700" ind1="2" ind2=" ">
      <subfield code="a">Marcuard, C.</subfield>
    </datafield>
    <datafield tag="841" ind1=" " ind2=" ">
      <subfield code="a">em__</subfield>
      <subfield code="b">1815</subfield>
      <subfield code="c">3</subfield>
    </datafield>
    <datafield tag="852" ind1=" " ind2=" ">
      <subfield code="a">DE-185</subfield>
      <subfield code="c">Historische Abteilung</subfield>
      <subfield code="m">HK 0962</subfield>
      <subfield code="t">180264001</subfield>
    </datafield>
    <datafield tag="856" ind1=" " ind2=" ">
      <subfield code="a">https://ifl.wissensbank.com/fastlink.html?search=180264000</subfield>
      <subfield code="3">permalink</subfield>
    </datafield>
    <datafield tag="856" ind1=" " ind2=" ">
      <subfield code="a">https://ifl.wissensbank.com/cgi-bin/starfetch.exe?RrmW7WEFN1ROBUy8BuZq9QqOv6a6WcYVUVh.zlymfev2AVV2HDGF5fKxJI@GZbu68EnTq5CHncdQbH4IgpHx2NY8XdOTlPoyjR3JodITMufoSQ3zDuYcI6BXTV2bzvf9qvWQ3g@cda40efUIHhb9PA/HK%200962.jpg</subfield>
      <subfield code="3">file</subfield>
    </datafield>
  </record>