
  <record>
    <leader>01250nem  22002893  4500</leader>
    <controlfield tag="001">180265000</controlfield>
    <controlfield tag="003">DE-185</controlfield>
    <controlfield tag="007">ta</controlfield>
    <controlfield tag="008">1792                             i|fre</controlfield>
    <datafield tag="041" ind1=" " ind2=" ">
      <subfield code="a">fre</subfield>
    </datafield>
    <datafield tag="084" ind1=" " ind2=" ">
      <subfield code="a">RA04.04 Belgien</subfield>
    </datafield>
    <datafield tag="225" ind1=" " ind2=" ">
      <subfield code="c">E 3°51'22"-E 3°58'08"/N 50°27'19"-N 50°24'27"</subfield>
    </datafield>
    <datafield tag="245" ind1="1" ind2="0">
      <subfield code="a">Plan De La Bataille De Jemappes et des Retranchements des Autrichiens</subfield>
      <subfield code="b">Emporté par les Français le 6. 9.bre [novembre] 1792 l'An I.r [premier] de la République</subfield>
      <subfield code="c">Gravé Par P. F. Tardieu. Dessiné sur les lieux, par Gerbet Ingenieur Militaire, et Boizot Cap[itain]e d'Artillerie</subfield>
    </datafield>
    <datafield tag="260" ind1=" " ind2=" ">
      <subfield code="a">[S.l.]</subfield>
      <subfield code="c">[nach 1792]</subfield>
    </datafield>
    <datafield tag="300" ind1=" " ind2=" ">
      <subfield code="a">1 Kt.</subfield>
      <subfield code="b">unkolor.</subfield>
      <subfield code="c">42 x 23 cm</subfield>
    </datafield>
    <datafield tag="337" ind1=" " ind2=" ">
      <subfield code="a">Karte</subfield>
    </datafield>
    <datafield tag="500" ind1=" " ind2=" ">
      <subfield code="a">Maßstab in graph. Form (Toises). - Titel oberhalb des Kt.-Feldes. - Maßstab unten links. - Mit Truppenstellungen und Geschossbahnen. - Erl. der Truppenstellungen links. - Relief plastisch angedeutet</subfield>
    </datafield>
    <datafield tag="520" ind1="3" ind2="#">
      <subfield code="a">Truppenstellungen in Jemappes während der Schlacht von Jemappes am 6. November 1792</subfield>
    </datafield>
    <datafield tag="650" ind1=" " ind2="4">
      <subfield code="a">Altkarte</subfield>
    </datafield>
    <datafield tag="650" ind1=" " ind2="4">
      <subfield code="a">Militärkartographie</subfield>
    </datafield>
    <datafield tag="651" ind1=" " ind2="4">
      <subfield code="a">Belgien</subfield>
    </datafield>
    <datafield tag="651" ind1=" " ind2="4">
      <subfield code="a">Mons-Jemappes</subfield>
    </datafield>
    <datafield tag="653" ind1="1" ind2=" ">
      <subfield code="a">Krieg/Bürgerkrieg</subfield>
    </datafield>
    <datafield tag="700" ind1="2" ind2=" ">
      <subfield code="a">Tardieu, Pierre-François</subfield>
    </datafield>
    <datafield tag="700" ind1="2" ind2=" ">
      <subfield code="a">Gerbet, ...</subfield>
    </datafield>
    <datafield tag="700" ind1="2" ind2=" ">
      <subfield code="a">Boizot, ...</subfield>
    </datafield>
    <datafield tag="841" ind1=" " ind2=" ">
      <subfield code="a">em__</subfield>
      <subfield code="b">1792</subfield>
      <subfield code="c">3</subfield>
    </datafield>
    <datafield tag="852" ind1=" " ind2=" ">
      <subfield code="a">DE-185</subfield>
      <subfield code="c">Historische Abteilung</subfield>
      <subfield code="m">HK 0963</subfield>
      <subfield code="t">180265001</subfield>
    </datafield>
    <datafield tag="856" ind1=" " ind2=" ">
      <subfield code="a">https://ifl.wissensbank.com/fastlink.html?search=180265000</subfield>
      <subfield code="3">permalink</subfield>
    </datafield>
    <datafield tag="856" ind1=" " ind2=" ">
      <subfield code="a">https://ifl.wissensbank.com/cgi-bin/starfetch.exe?c0WUZZ@1k8Vf2Ioih2qqhDiZ9HYB7Ioa5nZTFFOdzjSPw7RcHJCh.tMSTZgu7iNvYhPBSJKEo84yOD9lfa@IGWM0qb0IPRaECH5nT5s4..E9IHkOGp.xQT3ZXLH5VwX7MfAqhkDbbE9JM9WnxtOvMg/HK%200963.jpg</subfield>
      <subfield code="3">file</subfield>
    </datafield>
  </record>