
  <record>
    <leader>01250nem  22002893  4500</leader>
    <controlfield tag="001">180268000</controlfield>
    <controlfield tag="003">DE-185</controlfield>
    <controlfield tag="007">ta</controlfield>
    <controlfield tag="008">1790                             i|ger</controlfield>
    <datafield tag="041" ind1=" " ind2=" ">
      <subfield code="a">ger</subfield>
    </datafield>
    <datafield tag="084" ind1=" " ind2=" ">
      <subfield code="a">RA05.05 Historische deutsche Gebiete</subfield>
    </datafield>
    <datafield tag="225" ind1=" " ind2=" ">
      <subfield code="c">E 14°52'32"-E 15°02'23"/N 53°14'07"-N 53°06'51"</subfield>
    </datafield>
    <datafield tag="245" ind1="1" ind2="0">
      <subfield code="a">Canonade bey dem Pass-Kruge</subfield>
      <subfield code="b">zwischen einen Kayserl. Russi-schen und Königl. Preußischen Corps, vorgefallen den 3ten Octbr. 1758</subfield>
      <subfield code="c">Carl Christian August EinWaldt</subfield>
    </datafield>
    <datafield tag="260" ind1=" " ind2=" ">
      <subfield code="a">[Dresden?]</subfield>
      <subfield code="c">[ca. 1790]</subfield>
    </datafield>
    <datafield tag="300" ind1=" " ind2=" ">
      <subfield code="a">1 Kt.</subfield>
      <subfield code="b">teilw. kolor.</subfield>
      <subfield code="c">34 x 20 cm</subfield>
    </datafield>
    <datafield tag="337" ind1=" " ind2=" ">
      <subfield code="a">Karte</subfield>
    </datafield>
    <datafield tag="500" ind1=" " ind2=" ">
      <subfield code="a">Handzeichnung. - Maßstab in graph. Form (Schritt). - Titel oben links. - Maßstab unten rechts. - S oben. - Mit Truppenstellungen. - Erl. zu Truppenstellungen rechts. - Relief: Schraffen</subfield>
    </datafield>
    <datafield tag="650" ind1=" " ind2="4">
      <subfield code="a">Altkarte</subfield>
    </datafield>
    <datafield tag="650" ind1=" " ind2="4">
      <subfield code="a">Militärkartographie</subfield>
    </datafield>
    <datafield tag="651" ind1=" " ind2="4">
      <subfield code="a">Pommern</subfield>
    </datafield>
    <datafield tag="651" ind1=" " ind2="4">
      <subfield code="a">Wierzbno (Werben) (reg.)</subfield>
    </datafield>
    <datafield tag="700" ind1="2" ind2=" ">
      <subfield code="a">EinWaldt, Carl Christian August</subfield>
    </datafield>
    <datafield tag="841" ind1=" " ind2=" ">
      <subfield code="a">em__</subfield>
      <subfield code="b">1790</subfield>
      <subfield code="c">3</subfield>
    </datafield>
    <datafield tag="852" ind1=" " ind2=" ">
      <subfield code="a">DE-185</subfield>
      <subfield code="c">Historische Abteilung</subfield>
      <subfield code="m">HK 0965</subfield>
      <subfield code="t">180268001</subfield>
    </datafield>
    <datafield tag="856" ind1=" " ind2=" ">
      <subfield code="a">https://ifl.wissensbank.com/fastlink.html?search=180268000</subfield>
      <subfield code="3">permalink</subfield>
    </datafield>
    <datafield tag="856" ind1=" " ind2=" ">
      <subfield code="a">https://ifl.wissensbank.com/cgi-bin/starfetch.exe?Ic4VMoDfWPMv6tYtMVJUp8EXxXTjXinOpHR8E6vqPf4.3nPckjlMAfdIRCVWzQHKluhAGfMSfzWYbbWOPADKxpyOEvZjmbrt1mkGPa81Njq@62i7YqDBND4.6hm8YObDDt6MlzT8pztCO3O@0lIT2g/HK%200965.jpg</subfield>
      <subfield code="3">file</subfield>
    </datafield>
  </record>