
  <record>
    <leader>01250nem  22002893  4500</leader>
    <controlfield tag="001">180269000</controlfield>
    <controlfield tag="003">DE-185</controlfield>
    <controlfield tag="007">ta</controlfield>
    <controlfield tag="008">1793                             i|ger</controlfield>
    <datafield tag="041" ind1=" " ind2=" ">
      <subfield code="a">ger</subfield>
    </datafield>
    <datafield tag="084" ind1=" " ind2=" ">
      <subfield code="a">RA05.01 Deutschland</subfield>
    </datafield>
    <datafield tag="225" ind1=" " ind2=" ">
      <subfield code="c">E 14°52'16"/N 50°53'04" ; E 14°50'00"/N 50°54'49" ; E 14°53'14"/N 50°56'28" ; E 14°55'30"/N 50°54'43" ; E 14°52'16"/N 50°53'04"</subfield>
    </datafield>
    <datafield tag="245" ind1="1" ind2="0">
      <subfield code="a">Plan. Von einer Gegend, so 1 und 1/2 Stunde von Zittau ist, und zum Campiren vor ein, als auch mehr Regimenter eine sehr gute Lage hat</subfield>
      <subfield code="b">Der Platz A bestehet aus lauter Feld, so aber zur Zeit noch nicht alles besäet ist. Der Platz B aber bestehet halb aus Huttung und halb aus Feld</subfield>
      <subfield code="c">F. C. Müller</subfield>
    </datafield>
    <datafield tag="260" ind1=" " ind2=" ">
      <subfield code="a">[Dresden?]</subfield>
      <subfield code="c">[1793]</subfield>
    </datafield>
    <datafield tag="300" ind1=" " ind2=" ">
      <subfield code="a">1 Kt.</subfield>
      <subfield code="b">teilw. kolor.</subfield>
      <subfield code="c">36 x 27 cm</subfield>
    </datafield>
    <datafield tag="337" ind1=" " ind2=" ">
      <subfield code="a">Karte</subfield>
    </datafield>
    <datafield tag="500" ind1=" " ind2=" ">
      <subfield code="a">Handzeichnung auf Büttenpapier. - Ohne Maßstab. - Titel oben links. - Relief angedeutet</subfield>
    </datafield>
    <datafield tag="520" ind1="3" ind2="#">
      <subfield code="a">Terrain an der Neiße mit Wäldern, Wegen, Einzelgehöften etc.</subfield>
    </datafield>
    <datafield tag="650" ind1=" " ind2="4">
      <subfield code="a">Altkarte</subfield>
    </datafield>
    <datafield tag="650" ind1=" " ind2="4">
      <subfield code="a">Militärkartographie</subfield>
    </datafield>
    <datafield tag="650" ind1=" " ind2="4">
      <subfield code="a">Fluss</subfield>
    </datafield>
    <datafield tag="651" ind1=" " ind2="4">
      <subfield code="a">Deutschland</subfield>
    </datafield>
    <datafield tag="651" ind1=" " ind2="4">
      <subfield code="a">Zittau (reg.)</subfield>
    </datafield>
    <datafield tag="651" ind1=" " ind2="4">
      <subfield code="a">Bogatynia (Reichenau) (reg.)</subfield>
    </datafield>
    <datafield tag="651" ind1=" " ind2="4">
      <subfield code="a">Neisse (Fluss)</subfield>
    </datafield>
    <datafield tag="700" ind1="2" ind2=" ">
      <subfield code="a">Müller, F. C.</subfield>
    </datafield>
    <datafield tag="841" ind1=" " ind2=" ">
      <subfield code="a">em__</subfield>
      <subfield code="b">1793</subfield>
      <subfield code="c">3</subfield>
    </datafield>
    <datafield tag="852" ind1=" " ind2=" ">
      <subfield code="a">DE-185</subfield>
      <subfield code="c">Historische Abteilung</subfield>
      <subfield code="m">HK 0966</subfield>
      <subfield code="t">180269001</subfield>
    </datafield>
    <datafield tag="856" ind1=" " ind2=" ">
      <subfield code="a">https://ifl.wissensbank.com/fastlink.html?search=180269000</subfield>
      <subfield code="3">permalink</subfield>
    </datafield>
    <datafield tag="856" ind1=" " ind2=" ">
      <subfield code="a">https://ifl.wissensbank.com/cgi-bin/starfetch.exe?.LCftHH79RpCbR0PbPGezx0v7jdK9XBpHIuKaZ3aizbdGXtdblCXWKAFJZOBh.k9k7GcRV2PrsQXyk472YKfiwY.Ebe0nQ.8XK0c6Uc9.qHdZXxeR7loidmflgEOlMOYN5LT0D9KP9WWCapiupZpMQ/HK%200966.jpg</subfield>
      <subfield code="3">file</subfield>
    </datafield>
  </record>