
  <record>
    <leader>01250nem  22002893  4500</leader>
    <controlfield tag="001">180272000</controlfield>
    <controlfield tag="003">DE-185</controlfield>
    <controlfield tag="007">ta</controlfield>
    <controlfield tag="008">1806                             i|ger</controlfield>
    <datafield tag="041" ind1=" " ind2=" ">
      <subfield code="a">ger</subfield>
    </datafield>
    <datafield tag="084" ind1=" " ind2=" ">
      <subfield code="a">RA06.02 Spanien</subfield>
    </datafield>
    <datafield tag="225" ind1=" " ind2=" ">
      <subfield code="c">W 6°30'00"-W 5°08'00"/N 36°33'00"-N 35°45'00"</subfield>
    </datafield>
    <datafield tag="245" ind1="1" ind2="0">
      <subfield code="a">Plan von der See-Schlacht zwischen den Englischen u. den vereinigten Französischen u. Spanischen Flotten bey Trafalgar ohnweit Cadix, d. 2. Octbr. 1805</subfield>
      <subfield code="c">[Johann Elias Lange]</subfield>
    </datafield>
    <datafield tag="260" ind1=" " ind2=" ">
      <subfield code="a">[Leipzig]</subfield>
      <subfield code="c">[1806]</subfield>
    </datafield>
    <datafield tag="300" ind1=" " ind2=" ">
      <subfield code="a">1 Kt.</subfield>
      <subfield code="b">flächenkolor.</subfield>
      <subfield code="c">21 x 15 cm</subfield>
    </datafield>
    <datafield tag="337" ind1=" " ind2=" ">
      <subfield code="a">Karte</subfield>
    </datafield>
    <datafield tag="500" ind1=" " ind2=" ">
      <subfield code="a">Maßstab in graph. Form (Meilen). - Titel und Maßstab unten links. - Windrose oben links. - Flotten als Einzelschiffe. - Mit Angriffs- und Schlachtverlauf der Flotten. - Schiffsdarstellung unmaßstäblich. - Mit Text in Kt. - Mit Anmerkung: Die Linie A B ist der abgeschnittene oder gefangen gemacht gewordene Theil der vereinigten Flotte. - Ohne Relief</subfield>
    </datafield>
    <datafield tag="520" ind1="3" ind2="#">
      <subfield code="a">Zeigt die Seeschlacht bei Trafalgar im Jahr 1805 mit Cadiz und Gibraltar sowie der Straße von Gibraltar mit den afrikanischen Küstenstädten Tanger und Ceuta</subfield>
    </datafield>
    <datafield tag="650" ind1=" " ind2="4">
      <subfield code="a">Altkarte</subfield>
    </datafield>
    <datafield tag="650" ind1=" " ind2="4">
      <subfield code="a">Militärkartographie</subfield>
    </datafield>
    <datafield tag="651" ind1=" " ind2="4">
      <subfield code="a">Spanien</subfield>
    </datafield>
    <datafield tag="651" ind1=" " ind2="4">
      <subfield code="a">Cadiz</subfield>
    </datafield>
    <datafield tag="651" ind1=" " ind2="4">
      <subfield code="a">Kap Trafalgar</subfield>
    </datafield>
    <datafield tag="653" ind1="1" ind2=" ">
      <subfield code="a">Krieg/Bürgerkrieg</subfield>
    </datafield>
    <datafield tag="700" ind1="2" ind2=" ">
      <subfield code="a">Lange, Johann Elias</subfield>
    </datafield>
    <datafield tag="841" ind1=" " ind2=" ">
      <subfield code="a">em__</subfield>
      <subfield code="b">1806</subfield>
      <subfield code="c">3</subfield>
    </datafield>
    <datafield tag="852" ind1=" " ind2=" ">
      <subfield code="a">DE-185</subfield>
      <subfield code="c">Historische Abteilung</subfield>
      <subfield code="m">HK 0969</subfield>
      <subfield code="t">180272001</subfield>
    </datafield>
    <datafield tag="856" ind1=" " ind2=" ">
      <subfield code="a">https://ifl.wissensbank.com/fastlink.html?search=180272000</subfield>
      <subfield code="3">permalink</subfield>
    </datafield>
    <datafield tag="856" ind1=" " ind2=" ">
      <subfield code="a">https://ifl.wissensbank.com/cgi-bin/starfetch.exe?eio4RirzYL7p.dT.TBIX7QSqtXDizvrr@oqt.uZQecu1cLLeJIZgWUlzgw5MW5X4XEwoYIRjexOqQNNidUloQwp7UUOtPWRPNHeHs75GK6k.y6lC7YqkGmxUOfG6HzWhUjOOPxEk0Z0VRJBSM3Gm@w/HK%200969.jpg</subfield>
      <subfield code="3">file</subfield>
    </datafield>
  </record>