
  <record>
    <leader>01250nem  22002893  4500</leader>
    <controlfield tag="001">180273000</controlfield>
    <controlfield tag="003">DE-185</controlfield>
    <controlfield tag="007">ta</controlfield>
    <controlfield tag="008">1790                             i|ger</controlfield>
    <datafield tag="041" ind1=" " ind2=" ">
      <subfield code="a">ger</subfield>
    </datafield>
    <datafield tag="084" ind1=" " ind2=" ">
      <subfield code="a">RA05.01 Deutschland</subfield>
    </datafield>
    <datafield tag="225" ind1=" " ind2=" ">
      <subfield code="c">E 13°41'18"/N 50°58'33" ; E 13°37'50"/N 51°00'52" ; E 13°43'08"/N 51°03'59" ; E 13°46'36"/N 51°01'40" ; E 13°41'18"/N 50°58'33"</subfield>
    </datafield>
    <datafield tag="245" ind1="1" ind2="0">
      <subfield code="a">Feld-Laager Der Kaÿserl. Königl. Armee bey Dresden den 17. November 1759</subfield>
      <subfield code="b">Unter Hohen Commando I. Excellentz Feld. Marschallen Graffen Leopold v. Daun</subfield>
    </datafield>
    <datafield tag="260" ind1=" " ind2=" ">
      <subfield code="a">[S.l.]</subfield>
      <subfield code="c">[ca. 1790]</subfield>
    </datafield>
    <datafield tag="300" ind1=" " ind2=" ">
      <subfield code="a">1 Kt.</subfield>
      <subfield code="b">teilw. kolor.</subfield>
      <subfield code="c">37 x 26 cm</subfield>
    </datafield>
    <datafield tag="337" ind1=" " ind2=" ">
      <subfield code="a">Karte</subfield>
    </datafield>
    <datafield tag="500" ind1=" " ind2=" ">
      <subfield code="a">Handzeichnung. - Maßstab in graph. Form (Schritt). - Titelkartusche und Maßstab unten links. - Mit Truppenstellungen mit Namen der Kommandanten. - Relief: Schraffen</subfield>
    </datafield>
    <datafield tag="520" ind1="3" ind2="#">
      <subfield code="a">Umgebung von Dresden mit Truppenstellungen, Festungsanlagen, Straßen etc.</subfield>
    </datafield>
    <datafield tag="650" ind1=" " ind2="4">
      <subfield code="a">Altkarte</subfield>
    </datafield>
    <datafield tag="650" ind1=" " ind2="4">
      <subfield code="a">Militärkartographie</subfield>
    </datafield>
    <datafield tag="651" ind1=" " ind2="4">
      <subfield code="a">Deutschland</subfield>
    </datafield>
    <datafield tag="651" ind1=" " ind2="4">
      <subfield code="a">Dresden (reg.)</subfield>
    </datafield>
    <datafield tag="700" ind1="2" ind2=" ">
      <subfield code="a">Daun, Leopold von</subfield>
    </datafield>
    <datafield tag="841" ind1=" " ind2=" ">
      <subfield code="a">em__</subfield>
      <subfield code="b">1790</subfield>
      <subfield code="c">3</subfield>
    </datafield>
    <datafield tag="852" ind1=" " ind2=" ">
      <subfield code="a">DE-185</subfield>
      <subfield code="c">Historische Abteilung</subfield>
      <subfield code="m">HK 0970</subfield>
      <subfield code="t">180273001</subfield>
    </datafield>
    <datafield tag="856" ind1=" " ind2=" ">
      <subfield code="a">https://ifl.wissensbank.com/fastlink.html?search=180273000</subfield>
      <subfield code="3">permalink</subfield>
    </datafield>
    <datafield tag="856" ind1=" " ind2=" ">
      <subfield code="a">https://ifl.wissensbank.com/cgi-bin/starfetch.exe?7HRIArl.PIoTUpmCe6aapqfp@Nfe.Z3iwyOMizNk0sOX7IonhQ1ujsF1SjlW5SEBUf4kL8C2XvneHsTbo4yH1uLUdBtNReZy9o1YelibvAo@ssfBQcam5pbv8ffwSZYYDDTHAQ64ZQru9OsmExIYug/HK%200970.jpg</subfield>
      <subfield code="3">file</subfield>
    </datafield>
  </record>