
  <record>
    <leader>01250nem  22002893  4500</leader>
    <controlfield tag="001">180274000</controlfield>
    <controlfield tag="003">DE-185</controlfield>
    <controlfield tag="007">ta</controlfield>
    <controlfield tag="008">1793                             i|ger</controlfield>
    <datafield tag="041" ind1=" " ind2=" ">
      <subfield code="a">ger</subfield>
    </datafield>
    <datafield tag="084" ind1=" " ind2=" ">
      <subfield code="a">RA04.06 Frankreich</subfield>
    </datafield>
    <datafield tag="225" ind1=" " ind2=" ">
      <subfield code="c">E 3°30'04"-E 3°33'14"/N 50°22'33"-N 50°20'31"</subfield>
    </datafield>
    <datafield tag="245" ind1="1" ind2="0">
      <subfield code="a">Plan der franzoesischen Festung Valenciennes</subfield>
      <subfield code="b">wie sie von der Kays. Koenig. und Koenig. Englischen, wie auch Hannöverischen alliirten Armee den 13 July 1793 foermlich angegriffen, u. mit Ende July erobert worden ist</subfield>
    </datafield>
    <datafield tag="260" ind1=" " ind2=" ">
      <subfield code="a">Augsburg</subfield>
      <subfield code="b">Ioh. Walch</subfield>
      <subfield code="c">[nach 1793]</subfield>
    </datafield>
    <datafield tag="300" ind1=" " ind2=" ">
      <subfield code="a">1 Kt.</subfield>
      <subfield code="b">kolor.</subfield>
      <subfield code="c">55 x 48 cm</subfield>
    </datafield>
    <datafield tag="337" ind1=" " ind2=" ">
      <subfield code="a">Karte</subfield>
    </datafield>
    <datafield tag="500" ind1=" " ind2=" ">
      <subfield code="a">Maßstab in graph. Form (Kl[after]). - Titel und Maßstab unten links. - Mit Truppenstellungen. - Mit Legende links. - Ohne Kt.-Netz. - W oben. - Relief: Schraffen</subfield>
    </datafield>
    <datafield tag="520" ind1="3" ind2="#">
      <subfield code="a">Festung Valenciennes mit Truppenstellungen, Gartenanlagen, Wald- und Wiesenflächen etc.</subfield>
    </datafield>
    <datafield tag="650" ind1=" " ind2="4">
      <subfield code="a">Altkarte</subfield>
    </datafield>
    <datafield tag="650" ind1=" " ind2="4">
      <subfield code="a">Militärkartographie</subfield>
    </datafield>
    <datafield tag="651" ind1=" " ind2="4">
      <subfield code="a">Frankreich</subfield>
    </datafield>
    <datafield tag="651" ind1=" " ind2="4">
      <subfield code="a">Valenciennes</subfield>
    </datafield>
    <datafield tag="653" ind1="1" ind2=" ">
      <subfield code="a">Burg/Festung</subfield>
    </datafield>
    <datafield tag="700" ind1="2" ind2=" ">
      <subfield code="a">Walch, Johannes</subfield>
    </datafield>
    <datafield tag="841" ind1=" " ind2=" ">
      <subfield code="a">em__</subfield>
      <subfield code="b">1793</subfield>
      <subfield code="c">3</subfield>
    </datafield>
    <datafield tag="852" ind1=" " ind2=" ">
      <subfield code="a">DE-185</subfield>
      <subfield code="c">Historische Abteilung</subfield>
      <subfield code="m">HK 0971</subfield>
      <subfield code="t">180274001</subfield>
    </datafield>
    <datafield tag="856" ind1=" " ind2=" ">
      <subfield code="a">https://ifl.wissensbank.com/fastlink.html?search=180274000</subfield>
      <subfield code="3">permalink</subfield>
    </datafield>
    <datafield tag="856" ind1=" " ind2=" ">
      <subfield code="a">https://ifl.wissensbank.com/cgi-bin/starfetch.exe?uf7rSynWLC1W7yzyTt8hvqqJfT8VBQ9nfOAgVJI1CvQp3ULBLfoiY@..AGjltkdpaujrq8PsG97WoJpp.RathK8V6lhBkmkyH0BD.f00Ij2l0AY5.pJxOv1iKRJcjHgju0ErtB.rSTYo4zr4aeLHuA/HK971.jpg</subfield>
      <subfield code="3">file</subfield>
    </datafield>
  </record>