
  <record>
    <leader>01250nem  22002893  4500</leader>
    <controlfield tag="001">180276000</controlfield>
    <controlfield tag="003">DE-185</controlfield>
    <controlfield tag="007">ta</controlfield>
    <controlfield tag="008">1778                             i|ger</controlfield>
    <datafield tag="041" ind1=" " ind2=" ">
      <subfield code="a">ger</subfield>
    </datafield>
    <datafield tag="084" ind1=" " ind2=" ">
      <subfield code="a">RA05.05 Historische deutsche Gebiete</subfield>
    </datafield>
    <datafield tag="225" ind1=" " ind2=" ">
      <subfield code="c">E 16°04'37"-E 16°37'12"/N 50°32'32"-N 50°20'13"</subfield>
    </datafield>
    <datafield tag="245" ind1="1" ind2="0">
      <subfield code="a">Ordre de Battaille der Armee Sr. Majest. des Königs in der Campagne</subfield>
      <subfield code="b">Seiner Majestaet der König General der Infanterie Erb Printz von Braunschweig</subfield>
    </datafield>
    <datafield tag="260" ind1=" " ind2=" ">
      <subfield code="a">[S.l.]</subfield>
      <subfield code="c">1778</subfield>
    </datafield>
    <datafield tag="300" ind1=" " ind2=" ">
      <subfield code="a">1 Kt. auf 4 Bl.</subfield>
      <subfield code="b">unkolor.</subfield>
      <subfield code="c">Gesamtgr. ca. 144 x 95 cm, je Teil ca. 70 x 47 cm</subfield>
    </datafield>
    <datafield tag="337" ind1=" " ind2=" ">
      <subfield code="a">Karte</subfield>
    </datafield>
    <datafield tag="500" ind1=" " ind2=" ">
      <subfield code="a">Nur 3 Blatt von 4 vorhanden. - Reihenfolge: HK 973 links oben, HK 974 links unten, HK 975 rechts unten. - Maßstab in graph. Form (Ruthen, teutsche Meile). - Titel links Mitte (HK 973). - Maßstab je unter Kt.-Feld. - S oben. - Mit Truppenstellungen. - Mit Übersicht der Truppenteile (HK 973). - Mit Erl. zu den Truppenstellungen (HK 974). - Relief: Schraffen</subfield>
    </datafield>
    <datafield tag="520" ind1="3" ind2="#">
      <subfield code="a">Grafschaft Glatz (Kłodzko) mit Truppenstellungen, Siedlungen, Waldflächen etc.</subfield>
    </datafield>
    <datafield tag="650" ind1=" " ind2="4">
      <subfield code="a">Altkarte</subfield>
    </datafield>
    <datafield tag="650" ind1=" " ind2="4">
      <subfield code="a">Militärkartographie</subfield>
    </datafield>
    <datafield tag="651" ind1=" " ind2="4">
      <subfield code="a">Riesengebirge</subfield>
    </datafield>
    <datafield tag="651" ind1=" " ind2="4">
      <subfield code="a">Dolny Śląsk (Niederschlesien)</subfield>
    </datafield>
    <datafield tag="651" ind1=" " ind2="4">
      <subfield code="a">Ostböhmen</subfield>
    </datafield>
    <datafield tag="651" ind1=" " ind2="4">
      <subfield code="a">Dolny Śląsk (Niederschlesien)</subfield>
    </datafield>
    <datafield tag="651" ind1=" " ind2="4">
      <subfield code="a">Východní Čechy (Ostböhmen)</subfield>
    </datafield>
    <datafield tag="841" ind1=" " ind2=" ">
      <subfield code="a">em__</subfield>
      <subfield code="b">1778</subfield>
      <subfield code="c">3</subfield>
    </datafield>
    <datafield tag="852" ind1=" " ind2=" ">
      <subfield code="a">DE-185</subfield>
      <subfield code="c">Historische Abteilung</subfield>
      <subfield code="m">HK 0973</subfield>
      <subfield code="t">180276001</subfield>
    </datafield>
    <datafield tag="856" ind1=" " ind2=" ">
      <subfield code="a">https://ifl.wissensbank.com/fastlink.html?search=180276000</subfield>
      <subfield code="3">permalink</subfield>
    </datafield>
    <datafield tag="856" ind1=" " ind2=" ">
      <subfield code="a">https://ifl.wissensbank.com/cgi-bin/starfetch.exe?EwgrNqIv5E6.DH73V.Gta9k9IeurdUJF6Q6u7XdH6DTflfqv4PUCnnA4xO6Yr9Kfekq8CkAmb@3SjALFhsYhYzYU3FgTW.u20g6vQvwE5YcrswZTBZMHXH3k3.YZ6.0jVL93JTHXRsDw@Tae3FNgVg/HK973.jpg</subfield>
      <subfield code="3">file</subfield>
    </datafield>
  </record>