
  <record>
    <leader>01250nem  22002893  4500</leader>
    <controlfield tag="001">180277000</controlfield>
    <controlfield tag="003">DE-185</controlfield>
    <controlfield tag="007">ta</controlfield>
    <controlfield tag="008">1762                             i|fre</controlfield>
    <datafield tag="041" ind1=" " ind2=" ">
      <subfield code="a">fre</subfield>
    </datafield>
    <datafield tag="084" ind1=" " ind2=" ">
      <subfield code="a">RA05.01 Deutschland</subfield>
    </datafield>
    <datafield tag="225" ind1=" " ind2=" ">
      <subfield code="c">E 7°48'27"-E 8°09'16"/N 51°42'26"-N 51°30'42"</subfield>
    </datafield>
    <datafield tag="245" ind1="1" ind2="0">
      <subfield code="a">Plan de la Bataille de Vellinghausen</subfield>
      <subfield code="b">Gagnié le 16 Juillet 1761. par l'Armée de sa Majeste Brittannique, Sous les Ordres de S. A. Ser. me Mon Seigneur Le Prince Ferdinand Duc de Brunswic et de Lunebourg, Sur celles de la France, Commandées par Messieurs les Marechaux Prince de Soubise et Duc de Broglie</subfield>
      <subfield code="c">F. W. de Bawr. Grave Sous la Direction de I. V. Schley. [Titelkartusche:] J. V. S. f[eci]t</subfield>
    </datafield>
    <datafield tag="260" ind1=" " ind2=" ">
      <subfield code="a">La Haye</subfield>
      <subfield code="b">Pierre Gosse junior &amp; Daniel Pinet</subfield>
      <subfield code="c">1762</subfield>
    </datafield>
    <datafield tag="300" ind1=" " ind2=" ">
      <subfield code="a">1 Kt.</subfield>
      <subfield code="b">teilw. kolor.</subfield>
      <subfield code="c">62 x 63 cm</subfield>
    </datafield>
    <datafield tag="337" ind1=" " ind2=" ">
      <subfield code="a">Karte</subfield>
    </datafield>
    <datafield tag="500" ind1=" " ind2=" ">
      <subfield code="a">Maßstab in graph. Form (Pas). - Titelkartusche oben links. - Maßstab und Verz. der Regimenter unten Mitte. - Mit Truppenstellungen. - Erl. der Truppenstellungen links. - Ohne Kt.-Netz. - Relief: Schraffen. - Erl. franz.</subfield>
    </datafield>
    <datafield tag="520" ind1="3" ind2="#">
      <subfield code="a">Umgebung von Vellinghausen mit Truppenstellungen, Siedlungen, Straßen etc.</subfield>
    </datafield>
    <datafield tag="650" ind1=" " ind2="4">
      <subfield code="a">Altkarte</subfield>
    </datafield>
    <datafield tag="650" ind1=" " ind2="4">
      <subfield code="a">Militärkartographie</subfield>
    </datafield>
    <datafield tag="651" ind1=" " ind2="4">
      <subfield code="a">Deutschland</subfield>
    </datafield>
    <datafield tag="651" ind1=" " ind2="4">
      <subfield code="a">Welver-Vellinghausen</subfield>
    </datafield>
    <datafield tag="653" ind1="1" ind2=" ">
      <subfield code="a">Krieg/Bürgerkrieg</subfield>
    </datafield>
    <datafield tag="700" ind1="2" ind2=" ">
      <subfield code="a">Schley, Jakob van der</subfield>
    </datafield>
    <datafield tag="700" ind1="2" ind2=" ">
      <subfield code="a">Bauer, Friedrich Wilhelm von</subfield>
    </datafield>
    <datafield tag="700" ind1="2" ind2=" ">
      <subfield code="a">Ferdinand Albrecht (Braunschweig-Lüneburg, Herzog)</subfield>
    </datafield>
    <datafield tag="700" ind1="2" ind2=" ">
      <subfield code="a">Pinet, Daniel</subfield>
    </datafield>
    <datafield tag="700" ind1="2" ind2=" ">
      <subfield code="a">Gosse, Pierre (jr.)</subfield>
    </datafield>
    <datafield tag="841" ind1=" " ind2=" ">
      <subfield code="a">em__</subfield>
      <subfield code="b">1762</subfield>
      <subfield code="c">3</subfield>
    </datafield>
    <datafield tag="852" ind1=" " ind2=" ">
      <subfield code="a">DE-185</subfield>
      <subfield code="c">Historische Abteilung</subfield>
      <subfield code="m">HK 0976</subfield>
      <subfield code="t">180277001</subfield>
    </datafield>
    <datafield tag="856" ind1=" " ind2=" ">
      <subfield code="a">https://ifl.wissensbank.com/fastlink.html?search=180277000</subfield>
      <subfield code="3">permalink</subfield>
    </datafield>
    <datafield tag="856" ind1=" " ind2=" ">
      <subfield code="a">https://ifl.wissensbank.com/cgi-bin/starfetch.exe?5SA5tssWIk@Edr@.80vZgZwziIb7Plgvj@VEMYm.9Jn31sOoA0ys9UxgIS8d4Kkv5AcbIldSvHyJocHB9GUBogEOu5iiKEydkrZYx2agcAJv7Q74UDMARInchztJOIra8jAOuwYT4hCsYTXmJ.erQw/HK976.jpg</subfield>
      <subfield code="3">file</subfield>
    </datafield>
  </record>