
  <record>
    <leader>01250nem  22002893  4500</leader>
    <controlfield tag="001">180280000</controlfield>
    <controlfield tag="003">DE-185</controlfield>
    <controlfield tag="007">ta</controlfield>
    <controlfield tag="008">1698                             i|</controlfield>
    <datafield tag="084" ind1=" " ind2=" ">
      <subfield code="a">RA04.06 Frankreich</subfield>
    </datafield>
    <datafield tag="225" ind1=" " ind2=" ">
      <subfield code="c">W 6°07'00"-E 10°20'00"/N 51°44'00"-N 42°34'00"</subfield>
    </datafield>
    <datafield tag="245" ind1="1" ind2="0">
      <subfield code="a">Galliae seu Franciae Tabula</subfield>
      <subfield code="b">qua omnes Provinciae, Viae angiariae et aliae res notatu dignae distincté et accuraté ostenduntur ; cum Privilegio Ordin. General. Belgii Foederati</subfield>
      <subfield code="c">per Nicolaum Visscher. [Titelkartusche:] O. El. invent., G. v. d. Gouwen fc.</subfield>
    </datafield>
    <datafield tag="260" ind1=" " ind2=" ">
      <subfield code="a">[Amsterdam]</subfield>
      <subfield code="c">[zwischen 1698 u. 1704]</subfield>
    </datafield>
    <datafield tag="300" ind1=" " ind2=" ">
      <subfield code="a">1 Kt.</subfield>
      <subfield code="b">Verwaltungsgrenzen kolor.</subfield>
      <subfield code="c">55 x 45 cm</subfield>
    </datafield>
    <datafield tag="337" ind1=" " ind2=" ">
      <subfield code="a">Karte</subfield>
    </datafield>
    <datafield tag="500" ind1=" " ind2=" ">
      <subfield code="a">Maßstab in graph. Form (Milliaria Germanica Communia, Milliaria Gallica Communia sive Horae Itineris). - Titelkartusche unten links. - Maßstab unten rechts. - Wappenkartusche oben rechts. - Mit Suchnetz. - Legende oben links. - Mit Funktionssymbolen nach Homann. - Ohne Relief. - Titel lat</subfield>
    </datafield>
    <datafield tag="520" ind1="3" ind2="#">
      <subfield code="a">Frankreich mit Verkehrsnetz, Siedlungsnetz und Gewässernetz</subfield>
    </datafield>
    <datafield tag="650" ind1=" " ind2="4">
      <subfield code="a">Altkarte</subfield>
    </datafield>
    <datafield tag="651" ind1=" " ind2="4">
      <subfield code="a">Frankreich</subfield>
    </datafield>
    <datafield tag="700" ind1="2" ind2=" ">
      <subfield code="a">Gouwen, Gilliam van der</subfield>
    </datafield>
    <datafield tag="700" ind1="2" ind2=" ">
      <subfield code="a">Visscher, Nicolaes (d. J.)</subfield>
    </datafield>
    <datafield tag="700" ind1="2" ind2=" ">
      <subfield code="a">Elligar, Ottmar (d. J.)</subfield>
    </datafield>
    <datafield tag="841" ind1=" " ind2=" ">
      <subfield code="a">em__</subfield>
      <subfield code="b">1698</subfield>
      <subfield code="c">3</subfield>
    </datafield>
    <datafield tag="852" ind1=" " ind2=" ">
      <subfield code="a">DE-185</subfield>
      <subfield code="c">Historische Abteilung</subfield>
      <subfield code="m">HK 0978</subfield>
      <subfield code="t">180280001</subfield>
    </datafield>
    <datafield tag="856" ind1=" " ind2=" ">
      <subfield code="a">https://ifl.wissensbank.com/fastlink.html?search=180280000</subfield>
      <subfield code="3">permalink</subfield>
    </datafield>
    <datafield tag="856" ind1=" " ind2=" ">
      <subfield code="a">https://ifl.wissensbank.com/cgi-bin/starfetch.exe?9nerjpmv93T8Q8Rt1Y45NEt9qEsWfx9xS7CMqkI@6PJqnhmfEyFnzPsNP2QmgYUp85Cc7nTNUDsDVEDLXqeytiSCbvvp0AvUNM2m5NqnfltYOlREMvPzs11@tcaS0lVVBSXQ9E0Ex.zBI3LWIL6POw/HK978.jpg</subfield>
      <subfield code="3">file</subfield>
    </datafield>
  </record>