
  <record>
    <leader>01250nem  22002893  4500</leader>
    <controlfield tag="001">180282000</controlfield>
    <controlfield tag="003">DE-185</controlfield>
    <controlfield tag="007">ta</controlfield>
    <controlfield tag="008">1747                             i|</controlfield>
    <datafield tag="084" ind1=" " ind2=" ">
      <subfield code="a">RA10.02 Österreich-Ungarn</subfield>
    </datafield>
    <datafield tag="225" ind1=" " ind2=" ">
      <subfield code="c">E 7°24'00"-E 19°06'00"/N 51°10'00"-N 44°39'00"</subfield>
    </datafield>
    <datafield tag="245" ind1="1" ind2="0">
      <subfield code="a">S[acri] R[omani] I[mperii] Circulus Austriacus</subfield>
      <subfield code="b">quem componunt Archid. Austriae, Ducatus Stiriae, Carinthiae, Carnioliae, Comit. Tyrolensis, ditionesque Sueviae austriacae, cum suis confiniis</subfield>
      <subfield code="c">a Tobia Majero, Math. Cult. legitime designatus. Curantibus Homannianis Heredibus</subfield>
    </datafield>
    <datafield tag="260" ind1=" " ind2=" ">
      <subfield code="a">[Nürnberg]</subfield>
      <subfield code="b">Homannianis Heredibus</subfield>
      <subfield code="c">1747</subfield>
    </datafield>
    <datafield tag="300" ind1=" " ind2=" ">
      <subfield code="a">1 Kt.</subfield>
      <subfield code="b">Grenzen kolor.; teilw. flächenkolor.</subfield>
      <subfield code="c">51 x 43 cm</subfield>
    </datafield>
    <datafield tag="337" ind1=" " ind2=" ">
      <subfield code="a">Karte</subfield>
    </datafield>
    <datafield tag="500" ind1=" " ind2=" ">
      <subfield code="a">Maßstab in graph. Form (Milliaria Germanica, Milliaria Suevica et Bohemica Maiora). - Titelkartusche mit Wappen oben links. - Maßstabskartusche unten rechts. - Parallelt. oberhalb des Kt.-Feldes. - Nullmeridian: Ferro. - Relief: Einzelberge. - Text lat.</subfield>
    </datafield>
    <datafield tag="520" ind1="3" ind2="#">
      <subfield code="a">Österreichischer Reichskreis mit Verwaltungsgebieten, Siedlungen, Gewässernetz etc.</subfield>
    </datafield>
    <datafield tag="650" ind1=" " ind2="4">
      <subfield code="a">Altkarte</subfield>
    </datafield>
    <datafield tag="650" ind1=" " ind2="4">
      <subfield code="a">Politische Karte</subfield>
    </datafield>
    <datafield tag="651" ind1=" " ind2="4">
      <subfield code="a">Österreich-Ungarn</subfield>
    </datafield>
    <datafield tag="651" ind1=" " ind2="4">
      <subfield code="a">Österreich</subfield>
    </datafield>
    <datafield tag="700" ind1="2" ind2=" ">
      <subfield code="a">Mayer, Tobias</subfield>
    </datafield>
    <datafield tag="700" ind1="2" ind2=" ">
      <subfield code="a">Homann, ...</subfield>
    </datafield>
    <datafield tag="841" ind1=" " ind2=" ">
      <subfield code="a">em__</subfield>
      <subfield code="b">1747</subfield>
      <subfield code="c">3</subfield>
    </datafield>
    <datafield tag="852" ind1=" " ind2=" ">
      <subfield code="a">DE-185</subfield>
      <subfield code="c">Historische Abteilung</subfield>
      <subfield code="m">HK 0980</subfield>
      <subfield code="t">180282001</subfield>
    </datafield>
    <datafield tag="856" ind1=" " ind2=" ">
      <subfield code="a">https://ifl.wissensbank.com/fastlink.html?search=180282000</subfield>
      <subfield code="3">permalink</subfield>
    </datafield>
    <datafield tag="856" ind1=" " ind2=" ">
      <subfield code="a">https://ifl.wissensbank.com/cgi-bin/starfetch.exe?@ERGjiscrN5QVCrD20ocN9JHvdKWHZaxXaKqhYmFlzEFiCL4d0x9t6@G3OSuTlqO73Y05eOP98EYajGoeH3mwqOGuk.ZfmpkV5tSl0A5XMP5p7weG.IQweOePztiRVnrM7mmJC6x.A@uUj7dlYqalQ/HK980.jpg</subfield>
      <subfield code="3">file</subfield>
    </datafield>
  </record>