
  <record>
    <leader>01250nem  22002893  4500</leader>
    <controlfield tag="001">180284000</controlfield>
    <controlfield tag="003">DE-185</controlfield>
    <controlfield tag="007">ta</controlfield>
    <controlfield tag="008">1782                             i|</controlfield>
    <datafield tag="041" ind1=" " ind2=" ">
      <subfield code="a">fre</subfield>
    </datafield>
    <datafield tag="084" ind1=" " ind2=" ">
      <subfield code="a">RA04.06 Frankreich</subfield>
    </datafield>
    <datafield tag="225" ind1=" " ind2=" ">
      <subfield code="c">W 1°57'00"-E 1°48'00"/N 50°17'00"-N 48°24'00"</subfield>
    </datafield>
    <datafield tag="245" ind1="1" ind2="0">
      <subfield code="a">Normannia</subfield>
      <subfield code="b">Galliae celebris Provincia in terras suas et Ballifiatus divisa</subfield>
      <subfield code="c">ex prototypo de l'Isliano in hanc forman redacta, curantibus Homannianis Heredibus</subfield>
    </datafield>
    <datafield tag="260" ind1=" " ind2=" ">
      <subfield code="a">Norimb.</subfield>
      <subfield code="b">Homannianis Herdibus</subfield>
      <subfield code="c">[1782]</subfield>
    </datafield>
    <datafield tag="300" ind1=" " ind2=" ">
      <subfield code="a">1 Kt.</subfield>
      <subfield code="b">Grenzen kolor.; flächenkolor.</subfield>
      <subfield code="c">56 x 47 cm</subfield>
    </datafield>
    <datafield tag="337" ind1=" " ind2=" ">
      <subfield code="a">Karte</subfield>
    </datafield>
    <datafield tag="500" ind1=" " ind2=" ">
      <subfield code="a">Maßstab in graph. Form (Lieues Communes de France, Lieues Marines de France et d'Angleterre). - Titelkartusche und Legende oben Mitte. - Maßstab oben rechts. - Ohne Relief. - Erl. franz. u. lat.</subfield>
    </datafield>
    <datafield tag="520" ind1="3" ind2="#">
      <subfield code="a">Normandie mit Verwaltungsgebieten, Siedlungen, Wäldern, Straßen etc.</subfield>
    </datafield>
    <datafield tag="541" ind1=" " ind2=" ">
      <subfield code="a">Nachlass Maull, Otto</subfield>
    </datafield>
    <datafield tag="650" ind1=" " ind2="4">
      <subfield code="a">Altkarte</subfield>
    </datafield>
    <datafield tag="651" ind1=" " ind2="4">
      <subfield code="a">Frankreich</subfield>
    </datafield>
    <datafield tag="651" ind1=" " ind2="4">
      <subfield code="a">Normandie</subfield>
    </datafield>
    <datafield tag="700" ind1="2" ind2=" ">
      <subfield code="a">L'Isle, Guillaume de</subfield>
    </datafield>
    <datafield tag="700" ind1="2" ind2=" ">
      <subfield code="a">Homann, ...</subfield>
    </datafield>
    <datafield tag="841" ind1=" " ind2=" ">
      <subfield code="a">em__</subfield>
      <subfield code="b">1782</subfield>
      <subfield code="c">3</subfield>
    </datafield>
    <datafield tag="852" ind1=" " ind2=" ">
      <subfield code="a">DE-185</subfield>
      <subfield code="c">Historische Abteilung</subfield>
      <subfield code="m">HK 0982</subfield>
      <subfield code="t">180284001</subfield>
    </datafield>
    <datafield tag="856" ind1=" " ind2=" ">
      <subfield code="a">https://ifl.wissensbank.com/fastlink.html?search=180284000</subfield>
      <subfield code="3">permalink</subfield>
    </datafield>
    <datafield tag="856" ind1=" " ind2=" ">
      <subfield code="a">https://ifl.wissensbank.com/cgi-bin/starfetch.exe?q2QdxcEWO6CHnfJhygLLfkqFVAHyc@EwscNexsvNIhkBfH63bHATerm8J7Kecd0DzrioN1uvyNmflzBrLiwas8r@K59WNrDHA@mR.M1SCiBGN69o@VdZ6J3GCUIo03LAdKOMlLNWj7@FebF5XHVGpA/HK982.jpg</subfield>
      <subfield code="3">file</subfield>
    </datafield>
  </record>