
  <record>
    <leader>01250nem  22002893  4500</leader>
    <controlfield tag="001">180332000</controlfield>
    <controlfield tag="003">DE-185</controlfield>
    <controlfield tag="007">ta</controlfield>
    <controlfield tag="008">1824                             i|ger</controlfield>
    <datafield tag="041" ind1=" " ind2=" ">
      <subfield code="a">ger</subfield>
    </datafield>
    <datafield tag="084" ind1=" " ind2=" ">
      <subfield code="a">RA05.05 Historische deutsche Gebiete</subfield>
    </datafield>
    <datafield tag="225" ind1=" " ind2=" ">
      <subfield code="c">E 13°14'00"-E 17°31'00"/N 51°16'00"-N 49°33'00"</subfield>
    </datafield>
    <datafield tag="245" ind1="1" ind2="0">
      <subfield code="a">Feldzug Von 1759.</subfield>
      <subfield code="b">Operationen des österreichischen Corps unter Harsch, später unter Gen. de Ville u. der preussischen Truppen unter Gen. Fouqué, vom 17ten bis 29ten Juli 1759.</subfield>
    </datafield>
    <datafield tag="260" ind1=" " ind2=" ">
      <subfield code="a">[Berlin]</subfield>
      <subfield code="b">[Preußischer Generalstab]</subfield>
      <subfield code="c">[zwischen 1824 u. 1851]</subfield>
    </datafield>
    <datafield tag="300" ind1=" " ind2=" ">
      <subfield code="a">1 Kt.</subfield>
      <subfield code="b">teilw. kolor.</subfield>
      <subfield code="c">Blattgr. 58 x 44 cm</subfield>
    </datafield>
    <datafield tag="337" ind1=" " ind2=" ">
      <subfield code="a">Karte</subfield>
    </datafield>
    <datafield tag="500" ind1=" " ind2=" ">
      <subfield code="a">Vermutlich aus: Geschichte des siebenjährigen Krieges, in einer Reihe von Vorlesungen, mit Benutzung authentischer Quellen / bearb. von den Offizieren des grossen Generalstabs ; 30. - Ohne Maßstab. - Titel oben Mitte. - Ohne Kt.-Netz. - Oben rechts: No. II. - Mit Truppenbewegungen. - Ohne Relief</subfield>
    </datafield>
    <datafield tag="520" ind1="3" ind2="#">
      <subfield code="a">Militärische Operationskarte von Niederschlesien im Jahr 1759 während des Siebenjährigen Krieges</subfield>
    </datafield>
    <datafield tag="650" ind1=" " ind2="4">
      <subfield code="a">Altkarte</subfield>
    </datafield>
    <datafield tag="650" ind1=" " ind2="4">
      <subfield code="a">Militärkartographie</subfield>
    </datafield>
    <datafield tag="651" ind1=" " ind2="4">
      <subfield code="a">Dolny Śląsk (Niederschlesien)</subfield>
    </datafield>
    <datafield tag="651" ind1=" " ind2="4">
      <subfield code="a">Böhmen (Čechy)</subfield>
    </datafield>
    <datafield tag="651" ind1=" " ind2="4">
      <subfield code="a">Dolny Śląsk (Niederschlesien)</subfield>
    </datafield>
    <datafield tag="841" ind1=" " ind2=" ">
      <subfield code="a">em__</subfield>
      <subfield code="b">1824</subfield>
      <subfield code="c">3</subfield>
    </datafield>
    <datafield tag="852" ind1=" " ind2=" ">
      <subfield code="a">DE-185</subfield>
      <subfield code="c">Historische Abteilung</subfield>
      <subfield code="m">HK 0998c</subfield>
      <subfield code="t">180332001</subfield>
    </datafield>
    <datafield tag="856" ind1=" " ind2=" ">
      <subfield code="a">https://ifl.wissensbank.com/fastlink.html?search=180332000</subfield>
      <subfield code="3">permalink</subfield>
    </datafield>
    <datafield tag="856" ind1=" " ind2=" ">
      <subfield code="a">https://ifl.wissensbank.com/cgi-bin/starfetch.exe?i6CaM5pmN5UpXsa80mz8dCkSLKZwZY9K5To@GDEwBYAIZhI4qd84PUwvtF5pcWCsfoTVZCv5@x5@sUQMaXYwFJ5.oYdHg3O1NXGTXQfnNtsJy8DeR5Rcuoo@@s30Jx7HkqVVt8IZWQ3vVW5bPzSNDg/HK%200998c.jpg</subfield>
      <subfield code="3">file</subfield>
    </datafield>
  </record>