
  <record>
    <leader>01250nem  22002893  4500</leader>
    <controlfield tag="001">180333000</controlfield>
    <controlfield tag="003">DE-185</controlfield>
    <controlfield tag="007">ta</controlfield>
    <controlfield tag="008">1824                             i|ger</controlfield>
    <datafield tag="041" ind1=" " ind2=" ">
      <subfield code="a">ger</subfield>
    </datafield>
    <datafield tag="084" ind1=" " ind2=" ">
      <subfield code="a">RA05.01 Deutschland</subfield>
    </datafield>
    <datafield tag="225" ind1=" " ind2=" ">
      <subfield code="c">E 12°20'00"-E 14°54'00"/N 54°18'00"-N 52°48'00"</subfield>
    </datafield>
    <datafield tag="245" ind1="1" ind2="0">
      <subfield code="a">[Operationen der alliirten und französischen Armée 1759 in Mecklenburg und Vorpommern]</subfield>
    </datafield>
    <datafield tag="260" ind1=" " ind2=" ">
      <subfield code="a">[Berlin]</subfield>
      <subfield code="b">[Preußischer Generalstab]</subfield>
      <subfield code="c">[zwischen 1824 u. 1851]</subfield>
    </datafield>
    <datafield tag="300" ind1=" " ind2=" ">
      <subfield code="a">1 Kt.</subfield>
      <subfield code="b">teilw. kolor.</subfield>
      <subfield code="c">Blattgr. 36 x 44 cm</subfield>
    </datafield>
    <datafield tag="337" ind1=" " ind2=" ">
      <subfield code="a">Karte</subfield>
    </datafield>
    <datafield tag="500" ind1=" " ind2=" ">
      <subfield code="a">Vermutlich aus: Geschichte des siebenjährigen Krieges, in einer Reihe von Vorlesungen, mit Benutzung authentischer Quellen / bearb. von den Offizieren des grossen Generalstabs ; 36. - Ohne Maßstab. - Ohne Titel. - Ohne Kt.-Netz. - Oben rechts: No. VIII. - Mit Truppenbewegungen. - Ohne Relief</subfield>
    </datafield>
    <datafield tag="520" ind1="3" ind2="#">
      <subfield code="a">Militärische Operationskarte von Mecklenburg und Vorpommern im Jahr 1759 während des Siebenjährigen Krieges</subfield>
    </datafield>
    <datafield tag="650" ind1=" " ind2="4">
      <subfield code="a">Altkarte</subfield>
    </datafield>
    <datafield tag="650" ind1=" " ind2="4">
      <subfield code="a">Militärkartographie</subfield>
    </datafield>
    <datafield tag="651" ind1=" " ind2="4">
      <subfield code="a">Deutschland</subfield>
    </datafield>
    <datafield tag="651" ind1=" " ind2="4">
      <subfield code="a">Mecklenburg</subfield>
    </datafield>
    <datafield tag="651" ind1=" " ind2="4">
      <subfield code="a">Vorpommern</subfield>
    </datafield>
    <datafield tag="841" ind1=" " ind2=" ">
      <subfield code="a">em__</subfield>
      <subfield code="b">1824</subfield>
      <subfield code="c">3</subfield>
    </datafield>
    <datafield tag="852" ind1=" " ind2=" ">
      <subfield code="a">DE-185</subfield>
      <subfield code="c">Historische Abteilung</subfield>
      <subfield code="m">HK 0998d</subfield>
      <subfield code="t">180333001</subfield>
    </datafield>
    <datafield tag="856" ind1=" " ind2=" ">
      <subfield code="a">https://ifl.wissensbank.com/fastlink.html?search=180333000</subfield>
      <subfield code="3">permalink</subfield>
    </datafield>
    <datafield tag="856" ind1=" " ind2=" ">
      <subfield code="a">https://ifl.wissensbank.com/cgi-bin/starfetch.exe?oeStH57Dl2snUe65TSB2AAN@5sEZ19Ii7OnkbAbm5mS4.FKeor1zNuVaPYu7LXyGumz0TOf7oUs32jiTn0sh2A6PRTesWtqNHPJU@r3X4lfqfA1uDMDTixUR1kYGXNO7AaWE8GjyGDbqNuzRH@OOKw/HK%200998d.jpg</subfield>
      <subfield code="3">file</subfield>
    </datafield>
  </record>