
  <record>
    <leader>01250nem  22002893  4500</leader>
    <controlfield tag="001">180370000</controlfield>
    <controlfield tag="003">DE-185</controlfield>
    <controlfield tag="007">ta</controlfield>
    <controlfield tag="008">1824                             i|ger</controlfield>
    <datafield tag="041" ind1=" " ind2=" ">
      <subfield code="a">ger</subfield>
    </datafield>
    <datafield tag="084" ind1=" " ind2=" ">
      <subfield code="a">RA05.05 Historische deutsche Gebiete</subfield>
    </datafield>
    <datafield tag="245" ind1="1" ind2="0">
      <subfield code="a">[Plan von den Minenarbeiten während der Belagerung von Schweidnitz]</subfield>
    </datafield>
    <datafield tag="260" ind1=" " ind2=" ">
      <subfield code="a">[Berlin]</subfield>
      <subfield code="b">[Preußischer Generalstab]</subfield>
      <subfield code="c">[zwischen 1824 u. 1851]</subfield>
    </datafield>
    <datafield tag="300" ind1=" " ind2=" ">
      <subfield code="a">1 Kt.</subfield>
      <subfield code="b">teilw. kolor.</subfield>
      <subfield code="c">24 x 21 cm</subfield>
    </datafield>
    <datafield tag="337" ind1=" " ind2=" ">
      <subfield code="a">Karte</subfield>
    </datafield>
    <datafield tag="500" ind1=" " ind2=" ">
      <subfield code="a">Vermutlich aus: Geschichte des siebenjährigen Krieges, in einer Reihe von Vorlesungen, mit Benutzung authentischer Quellen / bearb. von den Offizieren des grossen Generalstabs. - Maßstab in graph. Form (Ruthen). - Ohne Titel. - Maßstab unten Mitte. - Ohne Kt.-Netz. - Oben recht: Plan XI. - Ohne Relief</subfield>
    </datafield>
    <datafield tag="520" ind1="3" ind2="#">
      <subfield code="a">Plan von den Minenarbeiten während der Belagerung von Schweidnitz im Jahr 1762 während des Siebenjährigen Krieges</subfield>
    </datafield>
    <datafield tag="650" ind1=" " ind2="4">
      <subfield code="a">Altkarte</subfield>
    </datafield>
    <datafield tag="650" ind1=" " ind2="4">
      <subfield code="a">Militärkartographie</subfield>
    </datafield>
    <datafield tag="651" ind1=" " ind2="4">
      <subfield code="a">Świdnica (Schweidnitz)</subfield>
    </datafield>
    <datafield tag="651" ind1=" " ind2="4">
      <subfield code="a">Świdnica (Schweidnitz)</subfield>
    </datafield>
    <datafield tag="841" ind1=" " ind2=" ">
      <subfield code="a">em__</subfield>
      <subfield code="b">1824</subfield>
      <subfield code="c">3</subfield>
    </datafield>
    <datafield tag="852" ind1=" " ind2=" ">
      <subfield code="a">DE-185</subfield>
      <subfield code="c">Historische Abteilung</subfield>
      <subfield code="m">HK 1019a</subfield>
      <subfield code="t">180370001</subfield>
    </datafield>
    <datafield tag="856" ind1=" " ind2=" ">
      <subfield code="a">https://ifl.wissensbank.com/fastlink.html?search=180370000</subfield>
      <subfield code="3">permalink</subfield>
    </datafield>
    <datafield tag="856" ind1=" " ind2=" ">
      <subfield code="a">https://ifl.wissensbank.com/cgi-bin/starfetch.exe?Y9YD7EV9inr75R0ZC9lATRhPx41jjHI@8xIu3ecdY1iiOwnBKHpP3RM1YMt0wc@jkpwLNbKBdNPhqsU8w1dG6Lkk0cAnwQKT6oQnoz43rzuzneEoGGLBXpDRt7Y2RQxSdJBndwvl8QQ51Wz@aXXmeQ/HK%201019a.jpg</subfield>
      <subfield code="3">file</subfield>
    </datafield>
  </record>