
  <record>
    <leader>01250nem  22002893  4500</leader>
    <controlfield tag="001">180384000</controlfield>
    <controlfield tag="003">DE-185</controlfield>
    <controlfield tag="007">ta</controlfield>
    <controlfield tag="008">1770                             i|ger</controlfield>
    <datafield tag="041" ind1=" " ind2=" ">
      <subfield code="a">ger</subfield>
    </datafield>
    <datafield tag="084" ind1=" " ind2=" ">
      <subfield code="a">RA10.01 Preußen</subfield>
    </datafield>
    <datafield tag="225" ind1=" " ind2=" ">
      <subfield code="c">E 5°34'00"-E 23°09'00"/N 55°50'00"-N 46°56'00"</subfield>
    </datafield>
    <datafield tag="245" ind1="1" ind2="0">
      <subfield code="a">General-Carte der gesamten Königlichen Preussischen Länder</subfield>
      <subfield code="c">zu finden bei J. D. Schleuen Kupferstecher in Berlin</subfield>
    </datafield>
    <datafield tag="260" ind1=" " ind2=" ">
      <subfield code="a">Berlin</subfield>
      <subfield code="c">[ca. 1770]</subfield>
    </datafield>
    <datafield tag="300" ind1=" " ind2=" ">
      <subfield code="a">1 Kt.</subfield>
      <subfield code="b">teilw. flächenkolor.</subfield>
      <subfield code="c">69 x 57 cm</subfield>
    </datafield>
    <datafield tag="337" ind1=" " ind2=" ">
      <subfield code="a">Karte</subfield>
    </datafield>
    <datafield tag="500" ind1=" " ind2=" ">
      <subfield code="a">Vermutlich aus: Atlas von Deutschland und angrenzender Gebiete ; 31. - Mit 3 Ansichten: Berlin. Bresslau. Königsberg. - Titelkartusche oben Mitte. - Maßstab in graph. Form (Gemeine Deutsche Meilen). - Maßstab und Legende unten rechts. - Wappen des Königreich Preußen unten rechts. - Relief: Einzelberge</subfield>
    </datafield>
    <datafield tag="520" ind1="3" ind2="#">
      <subfield code="a">Königreich Preußen mit Städten, Straßen, Flüsse etc.</subfield>
    </datafield>
    <datafield tag="650" ind1=" " ind2="4">
      <subfield code="a">Altkarte</subfield>
    </datafield>
    <datafield tag="651" ind1=" " ind2="4">
      <subfield code="a">Preußen</subfield>
    </datafield>
    <datafield tag="700" ind1="2" ind2=" ">
      <subfield code="a">Schleuen, Johann David</subfield>
    </datafield>
    <datafield tag="841" ind1=" " ind2=" ">
      <subfield code="a">em__</subfield>
      <subfield code="b">1770</subfield>
      <subfield code="c">3</subfield>
    </datafield>
    <datafield tag="852" ind1=" " ind2=" ">
      <subfield code="a">DE-185</subfield>
      <subfield code="c">Historische Abteilung</subfield>
      <subfield code="m">HK 1035</subfield>
      <subfield code="t">180384001</subfield>
    </datafield>
    <datafield tag="856" ind1=" " ind2=" ">
      <subfield code="a">https://ifl.wissensbank.com/fastlink.html?search=180384000</subfield>
      <subfield code="3">permalink</subfield>
    </datafield>
    <datafield tag="856" ind1=" " ind2=" ">
      <subfield code="a">https://ifl.wissensbank.com/cgi-bin/starfetch.exe?gpTMYgerTwBz4i06gydZARhnjEL5mP2sCWvbQUTwjbAoD5yuFK3VDoCG8ksnUat8H@.6SvxUpFsm@zgctM0BbKLvUgA6tI7M4fskXKOZ@pyWs8oxXTCC.K37gCskPRv@DvQhOHsMlLvHIWqX8lBo3g/HK1035.jpg</subfield>
      <subfield code="3">file</subfield>
    </datafield>
  </record>