
  <record>
    <leader>01250nem  22002893  4500</leader>
    <controlfield tag="001">180385000</controlfield>
    <controlfield tag="003">DE-185</controlfield>
    <controlfield tag="007">ta</controlfield>
    <controlfield tag="008">1815                             i|ger</controlfield>
    <datafield tag="041" ind1=" " ind2=" ">
      <subfield code="a">ger</subfield>
    </datafield>
    <datafield tag="084" ind1=" " ind2=" ">
      <subfield code="a">RA Europa</subfield>
    </datafield>
    <datafield tag="225" ind1=" " ind2=" ">
      <subfield code="c">W 24°41'00"-E 51°51'00"/N 71°18'00"-N 34°18'00"</subfield>
    </datafield>
    <datafield tag="245" ind1="1" ind2="0">
      <subfield code="a">Charte von Europa in 4 Blaettern</subfield>
      <subfield code="c">Nach den besten Materialien, den sichersten astronomischen Ortsbestim[m]ungen und mit den gangbarsten Haupt und Poststrassen versehen, entworfen von F. W. Streit Oberlieut[na]nt. Gezeichnet von H. v. Rhein. C. Ehnlich Sculp.</subfield>
    </datafield>
    <datafield tag="260" ind1=" " ind2=" ">
      <subfield code="a">Weimar</subfield>
      <subfield code="b">Verlag des geographischen Instituts</subfield>
      <subfield code="c">1815</subfield>
    </datafield>
    <datafield tag="300" ind1=" " ind2=" ">
      <subfield code="a">1 Kt.</subfield>
      <subfield code="b">Grenzen kolor.</subfield>
      <subfield code="c">105 x 88 cm</subfield>
    </datafield>
    <datafield tag="337" ind1=" " ind2=" ">
      <subfield code="a">Karte</subfield>
    </datafield>
    <datafield tag="500" ind1=" " ind2=" ">
      <subfield code="a">Ursprünglich 1 Kt. auf 4 Bl., wurden zu einer Kt. zusammengeklebt. - Maßstab in graph. Form (geograph. Meilen, französische Lieues). - Titel oben links. - Maßstab unten rechts. - Nullmeridian: Ferro. - Relief: Bergstriche</subfield>
    </datafield>
    <datafield tag="520" ind1="3" ind2="#">
      <subfield code="a">Europa mit Siedlungen, Verkehrsnetz, Flussnetz etc.</subfield>
    </datafield>
    <datafield tag="650" ind1=" " ind2="4">
      <subfield code="a">Altkarte</subfield>
    </datafield>
    <datafield tag="650" ind1=" " ind2="4">
      <subfield code="a">Politische Karte</subfield>
    </datafield>
    <datafield tag="651" ind1=" " ind2="4">
      <subfield code="a">Europa</subfield>
    </datafield>
    <datafield tag="700" ind1="2" ind2=" ">
      <subfield code="a">Streit, Friedrich Wilhelm</subfield>
    </datafield>
    <datafield tag="700" ind1="2" ind2=" ">
      <subfield code="a">Rhein, Heinrich von</subfield>
    </datafield>
    <datafield tag="700" ind1="2" ind2=" ">
      <subfield code="a">Ehnlich, C.</subfield>
    </datafield>
    <datafield tag="841" ind1=" " ind2=" ">
      <subfield code="a">em__</subfield>
      <subfield code="b">1815</subfield>
      <subfield code="c">3</subfield>
    </datafield>
    <datafield tag="852" ind1=" " ind2=" ">
      <subfield code="a">DE-185</subfield>
      <subfield code="c">Historische Abteilung</subfield>
      <subfield code="m">HK 1036</subfield>
      <subfield code="t">180385001</subfield>
    </datafield>
    <datafield tag="856" ind1=" " ind2=" ">
      <subfield code="a">https://ifl.wissensbank.com/fastlink.html?search=180385000</subfield>
      <subfield code="3">permalink</subfield>
    </datafield>
    <datafield tag="856" ind1=" " ind2=" ">
      <subfield code="a">https://ifl.wissensbank.com/cgi-bin/starfetch.exe?FiZUunWzW7wvfKMUPGxAcS6EU74RsQxT1RXtQcCFvIVpIQYXhAaUwpseknm7R1IGlLJiu4q0b1dhthYXgceCfFP8cnQUey9gBRiAZ7lqt8oDh8RaK0.gAtqt1bBHVoG8y6uOpXRVqL1GKAekvEiuQg/HK1036.jpg</subfield>
      <subfield code="3">file</subfield>
    </datafield>
  </record>