
  <record>
    <leader>01250nem  22002893  4500</leader>
    <controlfield tag="001">180386000</controlfield>
    <controlfield tag="003">DE-185</controlfield>
    <controlfield tag="007">ta</controlfield>
    <controlfield tag="008">1740                             i|ger</controlfield>
    <datafield tag="041" ind1=" " ind2=" ">
      <subfield code="a">ger</subfield>
    </datafield>
    <datafield tag="084" ind1=" " ind2=" ">
      <subfield code="a">RD02.07 Panama</subfield>
    </datafield>
    <datafield tag="225" ind1=" " ind2=" ">
      <subfield code="c">W 79°41'40"-W 79°38'43"/N 9°34'27"-N 9°32'09"</subfield>
    </datafield>
    <datafield tag="245" ind1="1" ind2="0">
      <subfield code="a">Dieser Grund-Riss von dem Hafen, der Stadt u. den Forten von Porto-belo</subfield>
      <subfield code="b">Welches der Ritter Edward Vernon, Vice Admiral auf der Blauen d. 22. gbr. 1739 mit mehr nicht den 6. Kr. Schiffen eingenommen</subfield>
      <subfield code="c">ist von dem Lieut. Phil. Durell entworfen und S. T. Hr. Carl Wager, vordersten Herrn Com[m]isario von der Admiralitaet unterthaenigst dedicirt worden. Bezeuge hiermit, dass dieser Grundriss accurat nach dem Original copirt und einmal abgedruckt mir überbracht worden. Charing Cross, d. 27. Mart. 1740, Ia. Rentone</subfield>
    </datafield>
    <datafield tag="250" ind1=" " ind2=" ">
      <subfield code="a">[Neuausg. des in London erschienenen Originals]</subfield>
    </datafield>
    <datafield tag="260" ind1=" " ind2=" ">
      <subfield code="a">[Nürnberg]</subfield>
      <subfield code="b">Officina Homan[n]iana</subfield>
      <subfield code="c">1740</subfield>
    </datafield>
    <datafield tag="300" ind1=" " ind2=" ">
      <subfield code="a">1 Kt.</subfield>
      <subfield code="b">kolor.</subfield>
      <subfield code="c">28 x 21 cm</subfield>
    </datafield>
    <datafield tag="337" ind1=" " ind2=" ">
      <subfield code="a">Karte</subfield>
    </datafield>
    <datafield tag="500" ind1=" " ind2=" ">
      <subfield code="a">Maßstab in graph. Form (Englische Meilen). - Titel unten links. - Maßstab und Legende unterhalb des Kt.-Feldes. - Parallelt. oberhalb des Kt.-Feldes. - Mit Seetiefen im Küstenbereich. - SO oben. - Relief: Einzelberge</subfield>
    </datafield>
    <datafield tag="520" ind1="3" ind2="#">
      <subfield code="a">Bucht von Portobelo</subfield>
    </datafield>
    <datafield tag="650" ind1=" " ind2="4">
      <subfield code="a">Altkarte</subfield>
    </datafield>
    <datafield tag="650" ind1=" " ind2="4">
      <subfield code="a">Hafen</subfield>
    </datafield>
    <datafield tag="650" ind1=" " ind2="4">
      <subfield code="a">Bucht</subfield>
    </datafield>
    <datafield tag="651" ind1=" " ind2="4">
      <subfield code="a">Panama</subfield>
    </datafield>
    <datafield tag="651" ind1=" " ind2="4">
      <subfield code="a">Portobelo</subfield>
    </datafield>
    <datafield tag="700" ind1="2" ind2=" ">
      <subfield code="a">Durell, Philip</subfield>
    </datafield>
    <datafield tag="700" ind1="2" ind2=" ">
      <subfield code="a">Rentone, James</subfield>
    </datafield>
    <datafield tag="700" ind1="2" ind2=" ">
      <subfield code="a">Homann, ...</subfield>
    </datafield>
    <datafield tag="841" ind1=" " ind2=" ">
      <subfield code="a">em__</subfield>
      <subfield code="b">1740</subfield>
      <subfield code="c">3</subfield>
    </datafield>
    <datafield tag="852" ind1=" " ind2=" ">
      <subfield code="a">DE-185</subfield>
      <subfield code="c">Historische Abteilung</subfield>
      <subfield code="m">HK 1037</subfield>
      <subfield code="t">180386001</subfield>
    </datafield>
    <datafield tag="856" ind1=" " ind2=" ">
      <subfield code="a">https://ifl.wissensbank.com/fastlink.html?search=180386000</subfield>
      <subfield code="3">permalink</subfield>
    </datafield>
    <datafield tag="856" ind1=" " ind2=" ">
      <subfield code="a">https://ifl.wissensbank.com/cgi-bin/starfetch.exe?ljVtT@TsGuk4JfFweGm27gmwjOd.VpFFh89Cqo@prJgRitOw88xuGwGC2@ASEoeaIjjL5UZ3NU@BGzwlYVAt2CMByblR7WepDJA7qs6TSxlqlZeIpjykjmtug7yieG2sh6WBQt0c3dUScPbJkS4Bug/HK%201037.jpg</subfield>
      <subfield code="3">file</subfield>
    </datafield>
  </record>