
  <record>
    <leader>01250nem  22002893  4500</leader>
    <controlfield tag="001">180387000</controlfield>
    <controlfield tag="003">DE-185</controlfield>
    <controlfield tag="007">ta</controlfield>
    <controlfield tag="008">1793                             i|ger</controlfield>
    <datafield tag="041" ind1=" " ind2=" ">
      <subfield code="a">ger</subfield>
    </datafield>
    <datafield tag="084" ind1=" " ind2=" ">
      <subfield code="a">RA05.01 Deutschland</subfield>
    </datafield>
    <datafield tag="225" ind1=" " ind2=" ">
      <subfield code="c">E 13°41'16"-E 13°45'05"/N 51°05'54"-N 51°04'13"</subfield>
    </datafield>
    <datafield tag="245" ind1="1" ind2="0">
      <subfield code="a">[Truppenaufmarsch des Chur-Fürstlich Sächsischen Korps zwischen Übigau, Pieschen und Trachau an der Elbe]</subfield>
      <subfield code="c">gezeichnet F. C. Müller Fahnenjuncker d. 20ten Novbr. 1793. General Lieut. v. Lindt Infant.</subfield>
    </datafield>
    <datafield tag="260" ind1=" " ind2=" ">
      <subfield code="a">[Dresden]</subfield>
      <subfield code="c">1793</subfield>
    </datafield>
    <datafield tag="300" ind1=" " ind2=" ">
      <subfield code="a">1 Kt.</subfield>
      <subfield code="b">teilw. kolor.</subfield>
      <subfield code="c">41 x 26 cm</subfield>
    </datafield>
    <datafield tag="337" ind1=" " ind2=" ">
      <subfield code="a">Karte</subfield>
    </datafield>
    <datafield tag="500" ind1=" " ind2=" ">
      <subfield code="a">Handzeichnung auf Büttenpapier. - Maßstab in graph. Form (Gemeine Schritte). - Maßstab unten links. - Ohne Titel. - Mit Truppenstellungen. - Ohne Relief</subfield>
    </datafield>
    <datafield tag="520" ind1="3" ind2="#">
      <subfield code="a">Übigau, Pieschen und Trachau mit Truppenstellungen, Gehöften, Straßen, Waldflächen etc.</subfield>
    </datafield>
    <datafield tag="650" ind1=" " ind2="4">
      <subfield code="a">Altkarte</subfield>
    </datafield>
    <datafield tag="650" ind1=" " ind2="4">
      <subfield code="a">Militärkartographie</subfield>
    </datafield>
    <datafield tag="651" ind1=" " ind2="4">
      <subfield code="a">Deutschland</subfield>
    </datafield>
    <datafield tag="651" ind1=" " ind2="4">
      <subfield code="a">Dresden</subfield>
    </datafield>
    <datafield tag="653" ind1="1" ind2=" ">
      <subfield code="a">Krieg/Bürgerkrieg</subfield>
    </datafield>
    <datafield tag="700" ind1="2" ind2=" ">
      <subfield code="a">Müller, F. C.</subfield>
    </datafield>
    <datafield tag="841" ind1=" " ind2=" ">
      <subfield code="a">em__</subfield>
      <subfield code="b">1793</subfield>
      <subfield code="c">3</subfield>
    </datafield>
    <datafield tag="852" ind1=" " ind2=" ">
      <subfield code="a">DE-185</subfield>
      <subfield code="c">Historische Abteilung</subfield>
      <subfield code="m">HK 1038</subfield>
      <subfield code="t">180387001</subfield>
    </datafield>
    <datafield tag="856" ind1=" " ind2=" ">
      <subfield code="a">https://ifl.wissensbank.com/fastlink.html?search=180387000</subfield>
      <subfield code="3">permalink</subfield>
    </datafield>
    <datafield tag="856" ind1=" " ind2=" ">
      <subfield code="a">https://ifl.wissensbank.com/cgi-bin/starfetch.exe?zIKzAZ0ESkvc8DyAZDxuQcWROczsC.a.xUdZXmbmaJ1M.V61P7@ga@eTdOoplqSFVbvIoNIQV5Ib7xUcY8vCtcLhSz4fTXQXlPr.HrZADA1ISUMr7F06.VtjWWXjw1QyqNDrlI9D2A6.6J3ZZpmk1w/HK%201038.jpg</subfield>
      <subfield code="3">file</subfield>
    </datafield>
  </record>