
  <record>
    <leader>01250nem  22002893  4500</leader>
    <controlfield tag="001">180390000</controlfield>
    <controlfield tag="003">DE-185</controlfield>
    <controlfield tag="007">ta</controlfield>
    <controlfield tag="008">1793                             i|ger</controlfield>
    <datafield tag="041" ind1=" " ind2=" ">
      <subfield code="a">ger</subfield>
    </datafield>
    <datafield tag="084" ind1=" " ind2=" ">
      <subfield code="a">RA05.11 Polen</subfield>
    </datafield>
    <datafield tag="084" ind1=" " ind2=" ">
      <subfield code="a">RA07.14 Litauen</subfield>
    </datafield>
    <datafield tag="245" ind1="1" ind2="0">
      <subfield code="a">Karte von Polen und den angränzenden Provinzen</subfield>
      <subfield code="b">in XVI Blättern</subfield>
      <subfield code="c">nach des H. O. C. Büsching Erdbeschreibung und den besten Hülfsmitteln entworffen von D. F. Sotzmann G. Secret. beym Ob. Kr. Coll. u. Geogr. der Königl. Acad. d. Wissenschaften zu Berlin. [Titelbl.:] H. J. Penningh fecit. [Bl. II:] C. C. Glassbach sen. fc. [Bl. IV:] A. F. Schmidt fc. [Bl. V:] W. Sander fc. [Bl. VII:] W. Sander Sculp.</subfield>
    </datafield>
    <datafield tag="260" ind1=" " ind2=" ">
      <subfield code="a">Berlin</subfield>
      <subfield code="b">Verlag der K[öniglich] P[reussischen] Ac[ademie]-Kunst- u. Buchhandlung</subfield>
      <subfield code="c">1793</subfield>
    </datafield>
    <datafield tag="300" ind1=" " ind2=" ">
      <subfield code="a">1 Kt. auf 16 Bl.</subfield>
      <subfield code="b">flächenkolor.</subfield>
      <subfield code="c">Gesamtgr. 117 x 94 cm, je Bl. 30 x 24 cm</subfield>
    </datafield>
    <datafield tag="337" ind1=" " ind2=" ">
      <subfield code="a">Karte</subfield>
    </datafield>
    <datafield tag="500" ind1=" " ind2=" ">
      <subfield code="a">Maßstab in graph. Form (Meilen). - Titelkartusche auf Bl. I = HK 1040. - Maßstab und Legende auf Bl. XV = HK 1054. - Nullmeridian: Ferro. - Relief: Schraffen. - Mit Bl.-Zählung oben rechts</subfield>
    </datafield>
    <datafield tag="520" ind1="3" ind2="#">
      <subfield code="a">Karte von Polen und dem östlichen Königreich Preußen mit Städten, Flüssen etc.</subfield>
    </datafield>
    <datafield tag="650" ind1=" " ind2="4">
      <subfield code="a">Altkarte</subfield>
    </datafield>
    <datafield tag="650" ind1=" " ind2="4">
      <subfield code="a">Übersichtskarte</subfield>
    </datafield>
    <datafield tag="651" ind1=" " ind2="4">
      <subfield code="a">Polen</subfield>
    </datafield>
    <datafield tag="651" ind1=" " ind2="4">
      <subfield code="a">Litauen</subfield>
    </datafield>
    <datafield tag="700" ind1="2" ind2=" ">
      <subfield code="a">Büsching, Anton Friedrich</subfield>
    </datafield>
    <datafield tag="700" ind1="2" ind2=" ">
      <subfield code="a">Sotzmann, Daniel Friedrich</subfield>
    </datafield>
    <datafield tag="700" ind1="2" ind2=" ">
      <subfield code="a">Glassbach, Carl Christian</subfield>
    </datafield>
    <datafield tag="700" ind1="2" ind2=" ">
      <subfield code="a">Schmidt, August F.</subfield>
    </datafield>
    <datafield tag="700" ind1="2" ind2=" ">
      <subfield code="a">Sander, Wilhelm</subfield>
    </datafield>
    <datafield tag="700" ind1="2" ind2=" ">
      <subfield code="a">Penningh, Harry John</subfield>
    </datafield>
    <datafield tag="841" ind1=" " ind2=" ">
      <subfield code="a">em__</subfield>
      <subfield code="b">1793</subfield>
      <subfield code="c">3</subfield>
    </datafield>
    <datafield tag="852" ind1=" " ind2=" ">
      <subfield code="a">DE-185</subfield>
      <subfield code="c">Historische Abteilung</subfield>
      <subfield code="m">HK 1040</subfield>
      <subfield code="t">180390001</subfield>
    </datafield>
    <datafield tag="856" ind1=" " ind2=" ">
      <subfield code="a">https://ifl.wissensbank.com/fastlink.html?search=180390000</subfield>
      <subfield code="3">permalink</subfield>
    </datafield>
    <datafield tag="856" ind1=" " ind2=" ">
      <subfield code="a">https://ifl.wissensbank.com/cgi-bin/starfetch.exe?ISWuXiPyrHpqhpPXNGswb3vP.TROo4z42kifqjIps1tRi.RySpjJXw4h@axQoWZ9E5VHffmnLwMfc9cfMFmkGe.hWuEVASA3r@hd2LHp0CVZ0oMJqHF@HJtjyKdLvqpfI7B@qLht3kDU9MkZbEYeVQ/HK1040%2d1055Zusatz.jpg</subfield>
      <subfield code="3">file</subfield>
    </datafield>
  </record>