
  <record>
    <leader>01250nem  22002893  4500</leader>
    <controlfield tag="001">180391000</controlfield>
    <controlfield tag="003">DE-185</controlfield>
    <controlfield tag="007">ta</controlfield>
    <controlfield tag="008">1797                             i|fre</controlfield>
    <datafield tag="041" ind1=" " ind2=" ">
      <subfield code="a">fre</subfield>
    </datafield>
    <datafield tag="084" ind1=" " ind2=" ">
      <subfield code="a">RA04.06 Frankreich</subfield>
    </datafield>
    <datafield tag="225" ind1=" " ind2=" ">
      <subfield code="c">E 2°17'12"-E 2°23'58"/N 48°53'05"-N 48°49'51"</subfield>
    </datafield>
    <datafield tag="245" ind1="1" ind2="0">
      <subfield code="a">Plan Géométral De Paris Et De Ses Fauxbourgs</subfield>
      <subfield code="c">Dressé par Robert De Vaugondy. Corrigé et étendu jusqu'aux Nouvelles Limites, par Delamarche Géog? et Successeur de Vaugondy</subfield>
    </datafield>
    <datafield tag="260" ind1=" " ind2=" ">
      <subfield code="a">Paris</subfield>
      <subfield code="b">Delamarche</subfield>
      <subfield code="c">1797</subfield>
    </datafield>
    <datafield tag="300" ind1=" " ind2=" ">
      <subfield code="a">1 Kt.</subfield>
      <subfield code="b">Verwaltungsgrenzen kolor.</subfield>
      <subfield code="c">95 x 64 cm</subfield>
    </datafield>
    <datafield tag="337" ind1=" " ind2=" ">
      <subfield code="a">Karte</subfield>
    </datafield>
    <datafield tag="500" ind1=" " ind2=" ">
      <subfield code="a">Maßstab in graph. Form (Toises, Lieue Parisienne). - Titel und Maßstab oberhalb des Kt.-Feldes. - Mit Straßenverz. rechts und links neben dem Kt.-Feld. - Mit Erl. unten links. - Mit Stadtteilverz. unten rechts. - Mit 1 Nebenkt.: Département De La Seine. - Relief: plastisch</subfield>
    </datafield>
    <datafield tag="520" ind1="3" ind2="#">
      <subfield code="a">Genauer Plan der Straßen und Stadtviertel von Paris</subfield>
    </datafield>
    <datafield tag="650" ind1=" " ind2="4">
      <subfield code="a">Altkarte</subfield>
    </datafield>
    <datafield tag="650" ind1=" " ind2="4">
      <subfield code="a">Stadtplan</subfield>
    </datafield>
    <datafield tag="651" ind1=" " ind2="4">
      <subfield code="a">Frankreich</subfield>
    </datafield>
    <datafield tag="651" ind1=" " ind2="4">
      <subfield code="a">Paris</subfield>
    </datafield>
    <datafield tag="700" ind1="2" ind2=" ">
      <subfield code="a">Vaugondy, Gilles Robert de</subfield>
    </datafield>
    <datafield tag="700" ind1="2" ind2=" ">
      <subfield code="a">Delamarche, Charles François</subfield>
    </datafield>
    <datafield tag="841" ind1=" " ind2=" ">
      <subfield code="a">em__</subfield>
      <subfield code="b">1797</subfield>
      <subfield code="c">3</subfield>
    </datafield>
    <datafield tag="852" ind1=" " ind2=" ">
      <subfield code="a">DE-185</subfield>
      <subfield code="c">Historische Abteilung</subfield>
      <subfield code="m">HK 1056</subfield>
      <subfield code="t">180391001</subfield>
    </datafield>
    <datafield tag="856" ind1=" " ind2=" ">
      <subfield code="a">https://ifl.wissensbank.com/fastlink.html?search=180391000</subfield>
      <subfield code="3">permalink</subfield>
    </datafield>
    <datafield tag="856" ind1=" " ind2=" ">
      <subfield code="a">https://ifl.wissensbank.com/cgi-bin/starfetch.exe?kWHuEiZmJ0cSzYtnoWYzqZzChufx4NRAM01qKXW43dnEe1B3Te96I8d8wIQMI0pm25O5hv2yAwJLw.CRuru1DpgqiW6Qjrk6BSBcaJfDHLZGp8iagfIxWH.1bu@ktK6TCYvE0Wh3mXfSlEBp4dO7IQ/HK1056.jpg</subfield>
      <subfield code="3">file</subfield>
    </datafield>
  </record>