
  <record>
    <leader>01250nem  22002893  4500</leader>
    <controlfield tag="001">180392000</controlfield>
    <controlfield tag="003">DE-185</controlfield>
    <controlfield tag="007">ta</controlfield>
    <controlfield tag="008">1773                             i|fre</controlfield>
    <datafield tag="041" ind1=" " ind2=" ">
      <subfield code="a">fre</subfield>
    </datafield>
    <datafield tag="084" ind1=" " ind2=" ">
      <subfield code="a">RA04.06 Frankreich</subfield>
    </datafield>
    <datafield tag="225" ind1=" " ind2=" ">
      <subfield code="c">E 4°48'14"-E 4°50'38"/N 45°46'37"-N 45°43'38"</subfield>
    </datafield>
    <datafield tag="245" ind1="1" ind2="0">
      <subfield code="a">Plan Géométral De La Ville De Lyon</subfield>
      <subfield code="b">Aßujétti aux nouveaux allignemens augmenté des Quartiers neufs et enrichi des Batimens principaux ; Dédié A Messieurs Les Prévôt Des Marchands Et Echevins De La Ville</subfield>
      <subfield code="c">Par Leur Très Humble Et Très Obéissant Servit. Joubert</subfield>
    </datafield>
    <datafield tag="260" ind1=" " ind2=" ">
      <subfield code="a">Lyon</subfield>
      <subfield code="b">Daudet et Joubert</subfield>
      <subfield code="c">1773</subfield>
    </datafield>
    <datafield tag="300" ind1=" " ind2=" ">
      <subfield code="a">1 Kt.</subfield>
      <subfield code="b">unkolor.</subfield>
      <subfield code="c">104 x 54 cm</subfield>
    </datafield>
    <datafield tag="337" ind1=" " ind2=" ">
      <subfield code="a">Karte</subfield>
    </datafield>
    <datafield tag="500" ind1=" " ind2=" ">
      <subfield code="a">Maßstab in graph. Form (Toises de Roy). - Titelkartusche oben Mitte. - Maßstab oben rechts. - Mit Gebäudeansichten am Kt.-Rand. - Mit Erl. oben und unten links. - Relief: plastisch</subfield>
    </datafield>
    <datafield tag="520" ind1="3" ind2="#">
      <subfield code="a">Stadtplan von Lyon</subfield>
    </datafield>
    <datafield tag="650" ind1=" " ind2="4">
      <subfield code="a">Altkarte</subfield>
    </datafield>
    <datafield tag="650" ind1=" " ind2="4">
      <subfield code="a">Stadtplan</subfield>
    </datafield>
    <datafield tag="651" ind1=" " ind2="4">
      <subfield code="a">Frankreich</subfield>
    </datafield>
    <datafield tag="651" ind1=" " ind2="4">
      <subfield code="a">Lyon</subfield>
    </datafield>
    <datafield tag="700" ind1="2" ind2=" ">
      <subfield code="a">Joubert, Louis Martin Roch</subfield>
    </datafield>
    <datafield tag="700" ind1="2" ind2=" ">
      <subfield code="a">Daudet, Robert</subfield>
    </datafield>
    <datafield tag="841" ind1=" " ind2=" ">
      <subfield code="a">em__</subfield>
      <subfield code="b">1773</subfield>
      <subfield code="c">3</subfield>
    </datafield>
    <datafield tag="852" ind1=" " ind2=" ">
      <subfield code="a">DE-185</subfield>
      <subfield code="c">Historische Abteilung</subfield>
      <subfield code="m">HK 1057</subfield>
      <subfield code="t">180392001</subfield>
    </datafield>
    <datafield tag="856" ind1=" " ind2=" ">
      <subfield code="a">https://ifl.wissensbank.com/fastlink.html?search=180392000</subfield>
      <subfield code="3">permalink</subfield>
    </datafield>
    <datafield tag="856" ind1=" " ind2=" ">
      <subfield code="a">https://ifl.wissensbank.com/cgi-bin/starfetch.exe?OBkVLtIoy.qanQrsJJ0HcZWeErVKzrTN4UTzCpk8U9NQC0n4bZIiP@TOPE46z@ytRsMJfIpEXoLUo4jPKUgWiQuI80WpIj0wmPxdzAGYSV3RykoUw0bX6TXlOBwBBmany.AczGP@qXxpVfdgtQoikg/HK1057.jpg</subfield>
      <subfield code="3">file</subfield>
    </datafield>
  </record>