
  <record>
    <leader>01250nem  22002893  4500</leader>
    <controlfield tag="001">180393000</controlfield>
    <controlfield tag="003">DE-185</controlfield>
    <controlfield tag="007">ta</controlfield>
    <controlfield tag="008">1658                             i|</controlfield>
    <datafield tag="084" ind1=" " ind2=" ">
      <subfield code="a">RA05.01 Deutschland</subfield>
    </datafield>
    <datafield tag="225" ind1=" " ind2=" ">
      <subfield code="c">E 8°23'00"-E 10°38'00"/N 51°49'00"-N 50°38'00"</subfield>
    </datafield>
    <datafield tag="245" ind1="1" ind2="0">
      <subfield code="a">Hassia Landgraviatus</subfield>
    </datafield>
    <datafield tag="260" ind1=" " ind2=" ">
      <subfield code="a">[Amsterdam]</subfield>
      <subfield code="c">[1658]</subfield>
    </datafield>
    <datafield tag="300" ind1=" " ind2=" ">
      <subfield code="a">1 Kt.</subfield>
      <subfield code="b">unkolor.</subfield>
      <subfield code="c">54 x 44 cm</subfield>
    </datafield>
    <datafield tag="337" ind1=" " ind2=" ">
      <subfield code="a">Karte</subfield>
    </datafield>
    <datafield tag="500" ind1=" " ind2=" ">
      <subfield code="a">Vermutlich aus: Novus Atlas, sive Theatrum orbis terrarum. - Maßstab in graph. Form (Milliaria Germanica communia, Milliaria Hassiaca). - Titelkartusche oben links. - Maßstabskartusche unten links. - Mit 2 Wappenkartuschen oben rechts. - Mit 5 Wappen im Kt.-Feld. - Relief: Einzelberge</subfield>
    </datafield>
    <datafield tag="520" ind1="3" ind2="#">
      <subfield code="a">Landgrafschaft Hessen mit Siedlungen, Gewässernetz, Wäldern etc.</subfield>
    </datafield>
    <datafield tag="650" ind1=" " ind2="4">
      <subfield code="a">Altkarte</subfield>
    </datafield>
    <datafield tag="650" ind1=" " ind2="4">
      <subfield code="a">Land</subfield>
    </datafield>
    <datafield tag="651" ind1=" " ind2="4">
      <subfield code="a">Deutschland</subfield>
    </datafield>
    <datafield tag="651" ind1=" " ind2="4">
      <subfield code="a">Hessen</subfield>
    </datafield>
    <datafield tag="700" ind1="2" ind2=" ">
      <subfield code="a">Jansson, Jan</subfield>
    </datafield>
    <datafield tag="841" ind1=" " ind2=" ">
      <subfield code="a">em__</subfield>
      <subfield code="b">1658</subfield>
      <subfield code="c">3</subfield>
    </datafield>
    <datafield tag="852" ind1=" " ind2=" ">
      <subfield code="a">DE-185</subfield>
      <subfield code="c">Historische Abteilung</subfield>
      <subfield code="m">HK 1100</subfield>
      <subfield code="t">180393001</subfield>
    </datafield>
    <datafield tag="856" ind1=" " ind2=" ">
      <subfield code="a">https://ifl.wissensbank.com/fastlink.html?search=180393000</subfield>
      <subfield code="3">permalink</subfield>
    </datafield>
    <datafield tag="856" ind1=" " ind2=" ">
      <subfield code="a">https://ifl.wissensbank.com/cgi-bin/starfetch.exe?MD4mms6CBubWXfuTs58YTqzsuCJ3CvAZDjCSvmzyX9txc2WVVRaSkjM7KYnQtcXLfEnY2eICNNr9RjBEUEPF6wvO.MOM.XipCqgvfEKKAFRs13q8w@TxHc7fQcyHR6.L.EgvYnCltjopGOk2mMqmzQ/HK1100.jpg</subfield>
      <subfield code="3">file</subfield>
    </datafield>
  </record>