
  <record>
    <leader>01250nem  22002893  4500</leader>
    <controlfield tag="001">180400000</controlfield>
    <controlfield tag="003">DE-185</controlfield>
    <controlfield tag="007">ta</controlfield>
    <controlfield tag="008">1870                             i|ger</controlfield>
    <datafield tag="041" ind1=" " ind2=" ">
      <subfield code="a">ger</subfield>
    </datafield>
    <datafield tag="084" ind1=" " ind2=" ">
      <subfield code="a">RA04.06 Frankreich</subfield>
    </datafield>
    <datafield tag="225" ind1=" " ind2=" ">
      <subfield code="a">1:1.850.000</subfield>
      <subfield code="c">W 2°38'00"-E 5°11'00"/N 49°08'00"-N 41°18'00"</subfield>
    </datafield>
    <datafield tag="245" ind1="1" ind2="0">
      <subfield code="a">Frankreich in IV Blättern</subfield>
      <subfield code="c">bearbeitet von Friedrich v. Stülpnagel Königl. Preuss. Hauptmann a. D., gestochen v. C. Poppey</subfield>
    </datafield>
    <datafield tag="260" ind1=" " ind2=" ">
      <subfield code="a">Gotha</subfield>
      <subfield code="b">Justus Perthes</subfield>
      <subfield code="c">1870</subfield>
    </datafield>
    <datafield tag="300" ind1=" " ind2=" ">
      <subfield code="a">1 Kt. auf 4 Bl.</subfield>
      <subfield code="b">teilw. kolor.</subfield>
      <subfield code="c">Gesamtgr. 80 x 67 cm, je Teil 39 x 32 cm</subfield>
    </datafield>
    <datafield tag="337" ind1=" " ind2=" ">
      <subfield code="a">Karte</subfield>
    </datafield>
    <datafield tag="500" ind1=" " ind2=" ">
      <subfield code="a">Aus: Hand-Atlas Über Alle Theile Der Erde nach dem neuesten Zustande Und Über Das Weltgebäude ; No. 14 / Adolf Stieler. - Maßstab in graph. Form (Geograph. Meilen, Geograph. See-Meilen). - Titel und Maßstab oben links (HK 1119). - Nullmeridian: Ferro, Paris. - Mit 3 Nebenkt.: Lyon und seine Umgebungen im Maßstab 1:200.000. Paris und seine Umgebungen im Maßstab 1:200.000 (HK 1120). Marseille und Umgebungen im Maßstab 1:400.000 (HK 1121). - Legende oben rechts (HK 1107). - Relief: Bergstriche</subfield>
    </datafield>
    <datafield tag="520" ind1="3" ind2="#">
      <subfield code="a">Frankreich mit Siedlungsnetz, Verkehrsnetz, Gewässernetz etc.</subfield>
    </datafield>
    <datafield tag="650" ind1=" " ind2="4">
      <subfield code="a">Altkarte</subfield>
    </datafield>
    <datafield tag="651" ind1=" " ind2="4">
      <subfield code="a">Frankreich</subfield>
    </datafield>
    <datafield tag="700" ind1="2" ind2=" ">
      <subfield code="a">Poppey, Karl T.</subfield>
    </datafield>
    <datafield tag="700" ind1="2" ind2=" ">
      <subfield code="a">Stülpnagel, Friedrich von</subfield>
    </datafield>
    <datafield tag="700" ind1="2" ind2=" ">
      <subfield code="a">Perthes, Justus</subfield>
    </datafield>
    <datafield tag="841" ind1=" " ind2=" ">
      <subfield code="a">em__</subfield>
      <subfield code="b">1870</subfield>
      <subfield code="c">3</subfield>
    </datafield>
    <datafield tag="852" ind1=" " ind2=" ">
      <subfield code="a">DE-185</subfield>
      <subfield code="c">Historische Abteilung</subfield>
      <subfield code="m">HK 1119</subfield>
      <subfield code="t">180400001</subfield>
    </datafield>
    <datafield tag="856" ind1=" " ind2=" ">
      <subfield code="a">https://ifl.wissensbank.com/fastlink.html?search=180400000</subfield>
      <subfield code="3">permalink</subfield>
    </datafield>
    <datafield tag="856" ind1=" " ind2=" ">
      <subfield code="a">https://ifl.wissensbank.com/cgi-bin/starfetch.exe?3r7MMyg3Vhki5CeBUj4MH2bwamJQU7twN0.2BROQTVGxY.9RzCTGgChCtX2u7Vt7bvi10VdJXG1CqK1bVy7pxhEPjyCkw6e.Dp3LTcu1.aJOtAcJdu7wecylbOSnmIF9pDNXFatZdYouPMFnJqSrag/HK%201120.jpg</subfield>
      <subfield code="3">file</subfield>
    </datafield>
  </record>