
  <record>
    <leader>01250nem  22002893  4500</leader>
    <controlfield tag="001">180402000</controlfield>
    <controlfield tag="003">DE-185</controlfield>
    <controlfield tag="007">ta</controlfield>
    <controlfield tag="008">1870                             i|ger</controlfield>
    <datafield tag="041" ind1=" " ind2=" ">
      <subfield code="a">ger</subfield>
    </datafield>
    <datafield tag="084" ind1=" " ind2=" ">
      <subfield code="a">RA04.06 Frankreich</subfield>
    </datafield>
    <datafield tag="225" ind1=" " ind2=" ">
      <subfield code="a">1:666.666</subfield>
      <subfield code="c">E 5°36'00"-E 8°45'00"/N 50°01'00"-N 47°20'00"</subfield>
    </datafield>
    <datafield tag="245" ind1="1" ind2="0">
      <subfield code="a">Die Deutsch-Französischen Grenzländer</subfield>
      <subfield code="c">Bearbeitet von H. Kiepert</subfield>
    </datafield>
    <datafield tag="250" ind1=" " ind2=" ">
      <subfield code="a">Neue berichtigte Ausgabe.</subfield>
    </datafield>
    <datafield tag="260" ind1=" " ind2=" ">
      <subfield code="a">Berlin</subfield>
      <subfield code="b">Dietrich Reimer</subfield>
      <subfield code="c">1870</subfield>
    </datafield>
    <datafield tag="300" ind1=" " ind2=" ">
      <subfield code="a">1 Kt.</subfield>
      <subfield code="b">teilw. flächenkolor., Grenzen kolor.</subfield>
      <subfield code="c">34 x 45 cm</subfield>
    </datafield>
    <datafield tag="337" ind1=" " ind2=" ">
      <subfield code="a">Karte</subfield>
    </datafield>
    <datafield tag="500" ind1=" " ind2=" ">
      <subfield code="a">Maßstab in graph. Form (Deutsche geogr. Meilen, Myriameter). - Titel oberhalb des Kt.-Feldes. - Maßstab und Legende unten links. - Nullmeridian: Ferro, Paris. - Relief: Schraffen</subfield>
    </datafield>
    <datafield tag="520" ind1="3" ind2="#">
      <subfield code="a">Deutsch-Französische Grenzländer mit Siedlungs- und Verkehrsnetz etc.</subfield>
    </datafield>
    <datafield tag="650" ind1=" " ind2="4">
      <subfield code="a">Altkarte</subfield>
    </datafield>
    <datafield tag="650" ind1=" " ind2="4">
      <subfield code="a">Sprache</subfield>
    </datafield>
    <datafield tag="650" ind1=" " ind2="4">
      <subfield code="a">Grenzraum</subfield>
    </datafield>
    <datafield tag="651" ind1=" " ind2="4">
      <subfield code="a">Frankreich</subfield>
    </datafield>
    <datafield tag="651" ind1=" " ind2="4">
      <subfield code="a">Elsass-Lothringen</subfield>
    </datafield>
    <datafield tag="700" ind1="2" ind2=" ">
      <subfield code="a">Kiepert, Heinrich</subfield>
      <subfield code="1">116168862</subfield>
    </datafield>
    <datafield tag="700" ind1="2" ind2=" ">
      <subfield code="a">Reimer, Dietrich</subfield>
    </datafield>
    <datafield tag="841" ind1=" " ind2=" ">
      <subfield code="a">em__</subfield>
      <subfield code="b">1870</subfield>
      <subfield code="c">3</subfield>
    </datafield>
    <datafield tag="852" ind1=" " ind2=" ">
      <subfield code="a">DE-185</subfield>
      <subfield code="c">Historische Abteilung</subfield>
      <subfield code="m">HK 1109</subfield>
      <subfield code="t">180402001</subfield>
    </datafield>
    <datafield tag="856" ind1=" " ind2=" ">
      <subfield code="a">https://ifl.wissensbank.com/fastlink.html?search=180402000</subfield>
      <subfield code="3">permalink</subfield>
    </datafield>
    <datafield tag="856" ind1=" " ind2=" ">
      <subfield code="a">https://ifl.wissensbank.com/cgi-bin/starfetch.exe?NE9W2E0gPDOEBD5lR45riLMykJ2NRG10AaLuFhsQbYA7E8rgtIGbHfwg7KY8WlMG2Nq.snpkctw27NowNzYDQMMS8I@en@nCo5gZkcraT7NoEB.ZCxJ@uwD6zDsTkkdhgFKDPRtIfJolrmxBMiWBFQ/HK%201109.jpg</subfield>
      <subfield code="3">file</subfield>
    </datafield>
  </record>