
  <record>
    <leader>01250nem  22002893  4500</leader>
    <controlfield tag="001">180403000</controlfield>
    <controlfield tag="003">DE-185</controlfield>
    <controlfield tag="007">ta</controlfield>
    <controlfield tag="008">1739                             i|ger</controlfield>
    <datafield tag="041" ind1=" " ind2=" ">
      <subfield code="a">ger</subfield>
    </datafield>
    <datafield tag="084" ind1=" " ind2=" ">
      <subfield code="a">RD03.05 Kuba</subfield>
    </datafield>
    <datafield tag="225" ind1=" " ind2=" ">
      <subfield code="c">W 82°22'20"-W 82°18'28"/N 23°09'57"-N 23°05'30"</subfield>
    </datafield>
    <datafield tag="245" ind1="1" ind2="0">
      <subfield code="a">Neu und verbesserter Plan der St. u. Hafens Havana auf der Ins. Cuba mit den Wasser-Tiefen, Sandbaencken und Klippen</subfield>
      <subfield code="b">Publicatum secundum sententiam Parlamenti Ian. 21. 1739</subfield>
      <subfield code="c">nochmahlen über-sehen v. P[ie]r[re] Chassereau</subfield>
    </datafield>
    <datafield tag="260" ind1=" " ind2=" ">
      <subfield code="a">Londini ; Norimb.</subfield>
      <subfield code="b">Th. Bowles ; Officina Homan[n]iana</subfield>
      <subfield code="c">1739</subfield>
    </datafield>
    <datafield tag="300" ind1=" " ind2=" ">
      <subfield code="a">1 Kt.</subfield>
      <subfield code="b">flächenkolor.</subfield>
      <subfield code="c">28 x 23 cm</subfield>
    </datafield>
    <datafield tag="337" ind1=" " ind2=" ">
      <subfield code="a">Karte</subfield>
    </datafield>
    <datafield tag="500" ind1=" " ind2=" ">
      <subfield code="a">Maßstab in graph. Form (Engl. Meile). - Titelkartusche und Maßstab oben links. - SE oben. - Ohne Kt.-Netz. - Mit 1 Stadtansicht von Havanna. - Mit Gebäudekennzeichn. - Mit Tiefenangaben. - Relief: Einzelberge</subfield>
    </datafield>
    <datafield tag="520" ind1="3" ind2="#">
      <subfield code="a">Küstenkarte und Stadtplan von Havanna</subfield>
    </datafield>
    <datafield tag="650" ind1=" " ind2="4">
      <subfield code="a">Altkarte</subfield>
    </datafield>
    <datafield tag="650" ind1=" " ind2="4">
      <subfield code="a">Hafen</subfield>
    </datafield>
    <datafield tag="651" ind1=" " ind2="4">
      <subfield code="a">Kuba</subfield>
    </datafield>
    <datafield tag="651" ind1=" " ind2="4">
      <subfield code="a">La Habana</subfield>
    </datafield>
    <datafield tag="700" ind1="2" ind2=" ">
      <subfield code="a">Bowles, Thomas</subfield>
    </datafield>
    <datafield tag="700" ind1="2" ind2=" ">
      <subfield code="a">Chassereau, Pierre</subfield>
    </datafield>
    <datafield tag="700" ind1="2" ind2=" ">
      <subfield code="a">Homann, ...</subfield>
    </datafield>
    <datafield tag="841" ind1=" " ind2=" ">
      <subfield code="a">em__</subfield>
      <subfield code="b">1739</subfield>
      <subfield code="c">3</subfield>
    </datafield>
    <datafield tag="852" ind1=" " ind2=" ">
      <subfield code="a">DE-185</subfield>
      <subfield code="c">Historische Abteilung</subfield>
      <subfield code="m">HK 1110</subfield>
      <subfield code="t">180403001</subfield>
    </datafield>
    <datafield tag="856" ind1=" " ind2=" ">
      <subfield code="a">https://ifl.wissensbank.com/fastlink.html?search=180403000</subfield>
      <subfield code="3">permalink</subfield>
    </datafield>
    <datafield tag="856" ind1=" " ind2=" ">
      <subfield code="a">https://ifl.wissensbank.com/cgi-bin/starfetch.exe?wqxikRJR6bLlb62NQi9@JzQAlrXCoKpsXEwbb1ZbNT1Ycie1SYdn3qfnDvEhvf.xkW9sIldvoEpqcOPyBD3lKuEnf6DCkuNTtaK1S3@XtfRCNusXlYQui7mnx7Z4iDCHEQ9c9IZXSR0Cw8entBbPOA/HK%201110.jpg</subfield>
      <subfield code="3">file</subfield>
    </datafield>
  </record>