
  <record>
    <leader>01250nem  22002893  4500</leader>
    <controlfield tag="001">180405000</controlfield>
    <controlfield tag="003">DE-185</controlfield>
    <controlfield tag="007">ta</controlfield>
    <controlfield tag="008">1750                             i|ger</controlfield>
    <datafield tag="041" ind1=" " ind2=" ">
      <subfield code="a">ger</subfield>
    </datafield>
    <datafield tag="084" ind1=" " ind2=" ">
      <subfield code="a">RA05.01 Deutschland</subfield>
    </datafield>
    <datafield tag="225" ind1=" " ind2=" ">
      <subfield code="c">E 11°52'00"-E 13°13'00"/N 52°17'00"-N 51°37'00"</subfield>
    </datafield>
    <datafield tag="245" ind1="1" ind2="0">
      <subfield code="a">Die Aemter Wittenberg, Beltzig, Graefenhaengen, Seyda und Pretzsch</subfield>
      <subfield code="b">zum Chur-Creisse gehörig</subfield>
      <subfield code="c">Heraus-gegeben von Johann George Schreibern</subfield>
    </datafield>
    <datafield tag="260" ind1=" " ind2=" ">
      <subfield code="a">Leipzig</subfield>
      <subfield code="c">[nach 1750]</subfield>
    </datafield>
    <datafield tag="300" ind1=" " ind2=" ">
      <subfield code="a">1 Kt.</subfield>
      <subfield code="b">flächenkolor., Grenzen kolor.</subfield>
      <subfield code="c">19 cm x 15 cm</subfield>
    </datafield>
    <datafield tag="337" ind1=" " ind2=" ">
      <subfield code="a">Karte</subfield>
    </datafield>
    <datafield tag="500" ind1=" " ind2=" ">
      <subfield code="a">Vermutlich aus: Atlas Selectus von allen Königreichen und Ländern der Welt : Zum bequemen Gebrauch in Schulen, auf Reisen und beÿ dem Lesen der Zeitungen / verfertiget und in Kupffer gestochen von Johann George Schreibern in Leipzig ; 66. - Maßstab in graph. Form (Gemeine Deutsche Meilen). - Titelkartusche oben links. - Maßstab unten links. - Legende rechts neben dem Kt.-Feld. - Im Passepartout eingefasst. - Ohne Relief</subfield>
    </datafield>
    <datafield tag="520" ind1="3" ind2="#">
      <subfield code="a">Nördlicher Kurkreis mit Siedlungen, Flüssen, Wäldern etc.</subfield>
    </datafield>
    <datafield tag="650" ind1=" " ind2="4">
      <subfield code="a">Altkarte</subfield>
    </datafield>
    <datafield tag="650" ind1=" " ind2="4">
      <subfield code="a">Politische Karte</subfield>
    </datafield>
    <datafield tag="651" ind1=" " ind2="4">
      <subfield code="a">Deutschland</subfield>
    </datafield>
    <datafield tag="651" ind1=" " ind2="4">
      <subfield code="a">Brandenburg</subfield>
    </datafield>
    <datafield tag="651" ind1=" " ind2="4">
      <subfield code="a">Sachsen-Anhalt</subfield>
    </datafield>
    <datafield tag="700" ind1="2" ind2=" ">
      <subfield code="a">Schreiber, Johann George</subfield>
    </datafield>
    <datafield tag="841" ind1=" " ind2=" ">
      <subfield code="a">em__</subfield>
      <subfield code="b">1750</subfield>
      <subfield code="c">3</subfield>
    </datafield>
    <datafield tag="852" ind1=" " ind2=" ">
      <subfield code="a">DE-185</subfield>
      <subfield code="c">Historische Abteilung</subfield>
      <subfield code="m">HK 1407</subfield>
      <subfield code="t">180405001</subfield>
    </datafield>
    <datafield tag="856" ind1=" " ind2=" ">
      <subfield code="a">https://ifl.wissensbank.com/fastlink.html?search=180405000</subfield>
      <subfield code="3">permalink</subfield>
    </datafield>
    <datafield tag="856" ind1=" " ind2=" ">
      <subfield code="a">https://ifl.wissensbank.com/cgi-bin/starfetch.exe?BoTxgAzNr.hgam7X3uJ9ZIifwIM3W6d0p08pWOnKt08HJz5KczwyQIbYo6@JxV4YfuLijsvBF64J993.lexcvbAMbUuzjAh9Nwlw46K6.A4PP6k7ukJMRezZSygC7vYVcxF0yHDCZK6@immg@1uHPQ/HK%201407.jpg</subfield>
      <subfield code="3">file</subfield>
    </datafield>
  </record>