
  <record>
    <leader>01250nem  22002893  4500</leader>
    <controlfield tag="001">180406000</controlfield>
    <controlfield tag="003">DE-185</controlfield>
    <controlfield tag="007">ta</controlfield>
    <controlfield tag="008">1615                             i|</controlfield>
    <datafield tag="084" ind1=" " ind2=" ">
      <subfield code="a">RA05.01 Deutschland</subfield>
    </datafield>
    <datafield tag="245" ind1="1" ind2="0">
      <subfield code="a">Duces Saxoniae Electores Ex Marchionibus Misniae</subfield>
      <subfield code="b">Longis Que Leves Saxones In Armis</subfield>
    </datafield>
    <datafield tag="260" ind1=" " ind2=" ">
      <subfield code="a">[S.l.]</subfield>
      <subfield code="c">[nach 1615]</subfield>
    </datafield>
    <datafield tag="300" ind1=" " ind2=" ">
      <subfield code="a">1 Kt.</subfield>
      <subfield code="b">unkolor.</subfield>
      <subfield code="c">39 x 54 cm</subfield>
    </datafield>
    <datafield tag="337" ind1=" " ind2=" ">
      <subfield code="a">Karte</subfield>
    </datafield>
    <datafield tag="500" ind1=" " ind2=" ">
      <subfield code="a">Titelkartusche mit 2 sächs. Wappen links oben. - Mit Textkartusche links Mitte. - Mit Stadtansicht von Meißen. - Mit dt. Erl. auf Rückseite. - Oben rechts: Fol. XXXI. - Mit Porträts des Herrscherpaares Christian II. und Hedwig v. Dänemark. - Mit 3 Wappen im Kt.-Bild</subfield>
    </datafield>
    <datafield tag="520" ind1="3" ind2="#">
      <subfield code="a">Stammbaum des sächsischen Königshauses von Konrad 1156 bis Christian 1615</subfield>
    </datafield>
    <datafield tag="650" ind1=" " ind2="4">
      <subfield code="a">Altkarte</subfield>
    </datafield>
    <datafield tag="650" ind1=" " ind2="4">
      <subfield code="a">Geschichte</subfield>
    </datafield>
    <datafield tag="651" ind1=" " ind2="4">
      <subfield code="a">Deutschland</subfield>
    </datafield>
    <datafield tag="651" ind1=" " ind2="4">
      <subfield code="a">Sachsen</subfield>
    </datafield>
    <datafield tag="653" ind1="1" ind2=" ">
      <subfield code="a">Genealogie</subfield>
    </datafield>
    <datafield tag="700" ind1="2" ind2=" ">
      <subfield code="a">Albizzi, Antonio</subfield>
    </datafield>
    <datafield tag="841" ind1=" " ind2=" ">
      <subfield code="a">em__</subfield>
      <subfield code="b">1615</subfield>
      <subfield code="c">3</subfield>
    </datafield>
    <datafield tag="852" ind1=" " ind2=" ">
      <subfield code="a">DE-185</subfield>
      <subfield code="c">Historische Abteilung</subfield>
      <subfield code="m">HK 1409</subfield>
      <subfield code="t">180406001</subfield>
    </datafield>
    <datafield tag="856" ind1=" " ind2=" ">
      <subfield code="a">https://ifl.wissensbank.com/fastlink.html?search=180406000</subfield>
      <subfield code="3">permalink</subfield>
    </datafield>
    <datafield tag="856" ind1=" " ind2=" ">
      <subfield code="a">https://ifl.wissensbank.com/cgi-bin/starfetch.exe?jTHQussUthkLzxKfQbmADA@fEbN6XVmaMvSlcXYBnE.YdHbrisaXNYpNA.IJgf1itkDKta0Enk.@e830EynAoge5bSPkQJKsoofQMJhdosJESIZPEhXUyiJpQiyCsX4Vcq@Qzf585VLEHzgFX@e2tQ/HK%201409.jpg</subfield>
      <subfield code="3">file</subfield>
    </datafield>
  </record>