
  <record>
    <leader>01250nem  22002893  4500</leader>
    <controlfield tag="001">180410000</controlfield>
    <controlfield tag="003">DE-185</controlfield>
    <controlfield tag="007">ta</controlfield>
    <controlfield tag="008">1760                             i|</controlfield>
    <datafield tag="084" ind1=" " ind2=" ">
      <subfield code="a">RA05.01 Deutschland</subfield>
    </datafield>
    <datafield tag="225" ind1=" " ind2=" ">
      <subfield code="c">E 12°06'00"-E 12°57'00"/N 51°03'00"-N 50°33'00"</subfield>
    </datafield>
    <datafield tag="245" ind1="1" ind2="0">
      <subfield code="a">Comitatus Schoenburgensis</subfield>
      <subfield code="b">in quo Celsissimorum Comitum de Schoenburg Regiones ad Circulum Saxoniae superiorem Imperii Romano-Germanici pertinentes et in Marchionatu Misniae sitae, Subfeuda porro Bohemico-Imperialia, nempe Dynastiae, Glauchau, Waldenburg, Lichtenstein itemque Subfeuda Saxonico-Electorali-Imperialia, nimirum Comitatus Hartenstein, et Dynastia Stein, unacum adiacentibus reliquis Praefecturis Schoenburgensibus, Remissau, Rochsburg, Penig, Wechselburg, Oelsnitz, Ziegelheim, ceu Feudis Saxonicis Electoralibus propriis ad Districtum Lipsiensem pertinentibus</subfield>
      <subfield code="c">accuratissime delineatus, à Iohanne Paullo Trenckmann. Edentibus Homannianis Heredibus</subfield>
    </datafield>
    <datafield tag="260" ind1=" " ind2=" ">
      <subfield code="a">Norimbergae</subfield>
      <subfield code="b">Homannianis Heredibus</subfield>
      <subfield code="c">1760</subfield>
    </datafield>
    <datafield tag="300" ind1=" " ind2=" ">
      <subfield code="a">1 Kt.</subfield>
      <subfield code="b">teilw. kolor.</subfield>
      <subfield code="c">44 x 45 cm</subfield>
    </datafield>
    <datafield tag="337" ind1=" " ind2=" ">
      <subfield code="a">Karte</subfield>
    </datafield>
    <datafield tag="500" ind1=" " ind2=" ">
      <subfield code="a">Maßstab in graph. Form (Teutsche Meile). - Titelkartusche und Legende oben links. - Maßstab oben rechts. - Erl. unten links. - Relief angedeutet</subfield>
    </datafield>
    <datafield tag="520" ind1="3" ind2="#">
      <subfield code="a">Grafschaft Schönburg mit Siedlungen, Flüssen, Wäldern etc.</subfield>
    </datafield>
    <datafield tag="650" ind1=" " ind2="4">
      <subfield code="a">Altkarte</subfield>
    </datafield>
    <datafield tag="651" ind1=" " ind2="4">
      <subfield code="a">Deutschland</subfield>
    </datafield>
    <datafield tag="651" ind1=" " ind2="4">
      <subfield code="a">Sachsen</subfield>
    </datafield>
    <datafield tag="651" ind1=" " ind2="4">
      <subfield code="a">Schönburg (Herrschaft)</subfield>
    </datafield>
    <datafield tag="700" ind1="2" ind2=" ">
      <subfield code="a">Trenckmann, Johann Paul</subfield>
    </datafield>
    <datafield tag="700" ind1="2" ind2=" ">
      <subfield code="a">Homann, ...</subfield>
    </datafield>
    <datafield tag="841" ind1=" " ind2=" ">
      <subfield code="a">em__</subfield>
      <subfield code="b">1760</subfield>
      <subfield code="c">3</subfield>
    </datafield>
    <datafield tag="852" ind1=" " ind2=" ">
      <subfield code="a">DE-185</subfield>
      <subfield code="c">Historische Abteilung</subfield>
      <subfield code="m">HK 1424</subfield>
      <subfield code="t">180410001</subfield>
    </datafield>
    <datafield tag="856" ind1=" " ind2=" ">
      <subfield code="a">https://ifl.wissensbank.com/fastlink.html?search=180410000</subfield>
      <subfield code="3">permalink</subfield>
    </datafield>
    <datafield tag="856" ind1=" " ind2=" ">
      <subfield code="a">https://ifl.wissensbank.com/cgi-bin/starfetch.exe?tGyBf.7pxRvyOVJno3EM3PUcH1KR2fTwyfDlQN.b@kd3o6oz6LkUxGQw08AwHhazIciciaoGRoNzkp2iROIng9m2FejfuTjhIlnOQ7lIU3pUmRDkKjaE9xcue8Ip@S20OkOgtxDHBEB.XcJjd@CQ4Q/HK1424.jpg</subfield>
      <subfield code="3">file</subfield>
    </datafield>
  </record>