
  <record>
    <leader>01250nem  22002893  4500</leader>
    <controlfield tag="001">180414000</controlfield>
    <controlfield tag="003">DE-185</controlfield>
    <controlfield tag="007">ta</controlfield>
    <controlfield tag="008">1840                             i|fre</controlfield>
    <datafield tag="041" ind1=" " ind2=" ">
      <subfield code="a">fre</subfield>
    </datafield>
    <datafield tag="084" ind1=" " ind2=" ">
      <subfield code="a">RA05.01 Deutschland</subfield>
    </datafield>
    <datafield tag="225" ind1=" " ind2=" ">
      <subfield code="c">E 12°15'41"-E 12°33'27"/N 51°25'46"-N 51°14'12"</subfield>
    </datafield>
    <datafield tag="245" ind1="1" ind2="0">
      <subfield code="a">Batailles de Leipzig, Livrées le 16, 18, 19 Octobre 1813</subfield>
      <subfield code="b">Les mouvements tracés sur le papillon sont ceux du 18 et du 19</subfield>
      <subfield code="c">Lith. de Gerard</subfield>
    </datafield>
    <datafield tag="260" ind1=" " ind2=" ">
      <subfield code="a">[Brüssel]</subfield>
      <subfield code="b">[Librairie Militaire de J.-B. Petit]</subfield>
      <subfield code="c">[ca. 1840]</subfield>
    </datafield>
    <datafield tag="300" ind1=" " ind2=" ">
      <subfield code="a">1 Kt.</subfield>
      <subfield code="b">teilw. kolor.</subfield>
      <subfield code="c">21 x 20 cm</subfield>
    </datafield>
    <datafield tag="337" ind1=" " ind2=" ">
      <subfield code="a">Karte</subfield>
    </datafield>
    <datafield tag="500" ind1=" " ind2=" ">
      <subfield code="a">Aus: Atlas Portatif Pour L'Intelligence Des Relations Des Dernières Guerres / Publiées Sans Plans; Notamment Pour La Vie De Napoléon, Par le Général Baron de Jomini ; 20. - Maßstab in graph. Form (lieues communes). - Titel oben links. - Maßstab unterhalb des Kt.-Bildes. - Oben rechts: Pl. XX. - Ohne Kt.-Netz. - Mit Truppenstellungen. - Relief: Schraffen</subfield>
    </datafield>
    <datafield tag="520" ind1="3" ind2="#">
      <subfield code="a">Schlachtenkarte zur Völkerschlacht bei Leipzig</subfield>
    </datafield>
    <datafield tag="650" ind1=" " ind2="4">
      <subfield code="a">Altkarte</subfield>
    </datafield>
    <datafield tag="650" ind1=" " ind2="4">
      <subfield code="a">Militärkartographie</subfield>
    </datafield>
    <datafield tag="651" ind1=" " ind2="4">
      <subfield code="a">Deutschland</subfield>
    </datafield>
    <datafield tag="653" ind1="1" ind2=" ">
      <subfield code="a">Krieg/Bürgerkrieg</subfield>
    </datafield>
    <datafield tag="653" ind1="1" ind2=" ">
      <subfield code="a">Völkerschlacht</subfield>
    </datafield>
    <datafield tag="700" ind1="2" ind2=" ">
      <subfield code="a">Gerard, H.</subfield>
    </datafield>
    <datafield tag="700" ind1="2" ind2=" ">
      <subfield code="a">Petit, J.-B.</subfield>
    </datafield>
    <datafield tag="841" ind1=" " ind2=" ">
      <subfield code="a">em__</subfield>
      <subfield code="b">1840</subfield>
      <subfield code="c">3</subfield>
    </datafield>
    <datafield tag="852" ind1=" " ind2=" ">
      <subfield code="a">DE-185</subfield>
      <subfield code="c">Historische Abteilung</subfield>
      <subfield code="m">HK 1447</subfield>
      <subfield code="t">180414001</subfield>
    </datafield>
    <datafield tag="856" ind1=" " ind2=" ">
      <subfield code="a">https://ifl.wissensbank.com/fastlink.html?search=180414000</subfield>
      <subfield code="3">permalink</subfield>
    </datafield>
    <datafield tag="856" ind1=" " ind2=" ">
      <subfield code="a">https://ifl.wissensbank.com/cgi-bin/starfetch.exe?woWnYXoIvPjH9Dcs1oopbDFsYGOaoswdLJSCcbzi7sU5bovPW4GqCvKNdAdVfWwffWM@HF4xQsAAp2hR17bGGGp4VC87BEro7nWGGhMbPQGtgwHafLRbFXOc0@B1.TJInCFJdjof32R0M2UAYPSEKA/HK%201447.jpg</subfield>
      <subfield code="3">file</subfield>
    </datafield>
  </record>