
  <record>
    <leader>01250nem  22002893  4500</leader>
    <controlfield tag="001">180415000</controlfield>
    <controlfield tag="003">DE-185</controlfield>
    <controlfield tag="007">ta</controlfield>
    <controlfield tag="008">1725                             i|ger</controlfield>
    <datafield tag="041" ind1=" " ind2=" ">
      <subfield code="a">ger</subfield>
    </datafield>
    <datafield tag="084" ind1=" " ind2=" ">
      <subfield code="a">RA05.01 Deutschland</subfield>
    </datafield>
    <datafield tag="225" ind1=" " ind2=" ">
      <subfield code="c">E 12°22'02"-E 12°23'07"/N 51°20'45"-N 51°20'02"</subfield>
    </datafield>
    <datafield tag="245" ind1="1" ind2="0">
      <subfield code="a">Lipsia. Leipzig</subfield>
    </datafield>
    <datafield tag="260" ind1=" " ind2=" ">
      <subfield code="a">[Augsburg]</subfield>
      <subfield code="c">[ca. 1725]</subfield>
    </datafield>
    <datafield tag="300" ind1=" " ind2=" ">
      <subfield code="a">1 Kt.</subfield>
      <subfield code="b">Kupferst. ; unkolor.</subfield>
      <subfield code="c">31 x 20 cm</subfield>
    </datafield>
    <datafield tag="337" ind1=" " ind2=" ">
      <subfield code="a">Karte</subfield>
    </datafield>
    <datafield tag="500" ind1=" " ind2=" ">
      <subfield code="a">Aus: Force D'Europe, oder Die Merckwürdigst und Fürnehmste, meistentheils auch Ihrer Fortification wegen Berühmteste Staette, Vestungen, Seehaefen, Paesse, Camps De Bataille, in Europa : Welche Ihren Königreichen und Landschafften in Fridens-Zeiten zu Nuz und Zier, in Kriegs-Läufften zum Schuz und Wehr dienen / in 200 Grundrissen nach Verschiedenen, meistens aber und soviel man habhaft werden können, neuesten Fortificationen, zu Bequemen gebrauch und Verwundersamer Belustigung Verlegt und heraus-gegeben von Gabriel Bodenehr Kupfferstecher in Augspurg ; 91. - Ohne Maßstab. - Titel oben Mitte. - Legende links und rechts des Kt.-Bildes. - Ohne Relief</subfield>
    </datafield>
    <datafield tag="520" ind1="3" ind2="#">
      <subfield code="a">Stadtplan von Leipzig aus der Vogelschau</subfield>
    </datafield>
    <datafield tag="650" ind1=" " ind2="4">
      <subfield code="a">Altkarte</subfield>
    </datafield>
    <datafield tag="651" ind1=" " ind2="4">
      <subfield code="a">Deutschland</subfield>
    </datafield>
    <datafield tag="651" ind1=" " ind2="4">
      <subfield code="a">Leipzig</subfield>
    </datafield>
    <datafield tag="653" ind1="1" ind2=" ">
      <subfield code="a">Burg/Festung</subfield>
    </datafield>
    <datafield tag="700" ind1="2" ind2=" ">
      <subfield code="a">Bodenehr, Gabriel (d. Ä.)</subfield>
    </datafield>
    <datafield tag="841" ind1=" " ind2=" ">
      <subfield code="a">em__</subfield>
      <subfield code="b">1725</subfield>
      <subfield code="c">3</subfield>
    </datafield>
    <datafield tag="852" ind1=" " ind2=" ">
      <subfield code="a">DE-185</subfield>
      <subfield code="c">Historische Abteilung</subfield>
      <subfield code="m">HK 1448</subfield>
      <subfield code="t">180415001</subfield>
    </datafield>
    <datafield tag="856" ind1=" " ind2=" ">
      <subfield code="a">https://ifl.wissensbank.com/fastlink.html?search=180415000</subfield>
      <subfield code="3">permalink</subfield>
    </datafield>
    <datafield tag="856" ind1=" " ind2=" ">
      <subfield code="a">https://ifl.wissensbank.com/cgi-bin/starfetch.exe?DS6HRFUjfEaNHLMSIKgWdPljsFBQDQ9GaRryluf@LgUCUwUiyof9lZqbwQJeBkVSzNKJQ77eBbBdcHA2RH6B4OIqSxULv@KDPuE.WocmtIcmIpd0y2u6e6riyZAaXVesftqc971@YEpa.XyTt6FuNA/HK%201448.jpg</subfield>
      <subfield code="3">file</subfield>
    </datafield>
  </record>