
  <record>
    <leader>01250nem  22002893  4500</leader>
    <controlfield tag="001">180416000</controlfield>
    <controlfield tag="003">DE-185</controlfield>
    <controlfield tag="007">ta</controlfield>
    <controlfield tag="008">1750                             i|ger</controlfield>
    <datafield tag="041" ind1=" " ind2=" ">
      <subfield code="a">ger</subfield>
    </datafield>
    <datafield tag="084" ind1=" " ind2=" ">
      <subfield code="a">RA05.01 Deutschland</subfield>
    </datafield>
    <datafield tag="225" ind1=" " ind2=" ">
      <subfield code="c">E 13°27'49"-E 14°05'09"/N 51°16'16"-N 50°54'14"</subfield>
    </datafield>
    <datafield tag="245" ind1="1" ind2="0">
      <subfield code="a">Die Aemter Dresden, Radeberg mit Lausnitz, Moritzburg u. Gröllenburg</subfield>
    </datafield>
    <datafield tag="260" ind1=" " ind2=" ">
      <subfield code="a">Leipzig</subfield>
      <subfield code="b">J. George Schreibern</subfield>
      <subfield code="c">[ca. 1750]</subfield>
    </datafield>
    <datafield tag="300" ind1=" " ind2=" ">
      <subfield code="a">1 Kt.</subfield>
      <subfield code="b">flächenkolor.; Grenzen kolor.</subfield>
      <subfield code="c">25 x 16 cm</subfield>
    </datafield>
    <datafield tag="337" ind1=" " ind2=" ">
      <subfield code="a">Karte</subfield>
    </datafield>
    <datafield tag="500" ind1=" " ind2=" ">
      <subfield code="a">Maßstab in graph. Form (Deutsche Meile). - Titelkartusche oben links. - Erläuterung rechts unten. - Maßstab unten Mitte. - Mit 1 Ortsregister auf d. Kt.-Rahmen. - Mit Suchnetz. - Relief: Einzelberge. - In Passepartout eingefasst</subfield>
    </datafield>
    <datafield tag="520" ind1="3" ind2="#">
      <subfield code="a">Ämterkarte von Dresden, Radeberg, Moritzburg und Grillenburg</subfield>
    </datafield>
    <datafield tag="650" ind1=" " ind2="4">
      <subfield code="a">Altkarte</subfield>
    </datafield>
    <datafield tag="650" ind1=" " ind2="4">
      <subfield code="a">Verwaltungskarte</subfield>
    </datafield>
    <datafield tag="651" ind1=" " ind2="4">
      <subfield code="a">Deutschland</subfield>
    </datafield>
    <datafield tag="651" ind1=" " ind2="4">
      <subfield code="a">Sachsen</subfield>
    </datafield>
    <datafield tag="651" ind1=" " ind2="4">
      <subfield code="a">Dresden (reg.)</subfield>
    </datafield>
    <datafield tag="700" ind1="2" ind2=" ">
      <subfield code="a">Schreiber, Johann George</subfield>
    </datafield>
    <datafield tag="841" ind1=" " ind2=" ">
      <subfield code="a">em__</subfield>
      <subfield code="b">1750</subfield>
      <subfield code="c">3</subfield>
    </datafield>
    <datafield tag="852" ind1=" " ind2=" ">
      <subfield code="a">DE-185</subfield>
      <subfield code="c">Historische Abteilung</subfield>
      <subfield code="m">HK 1449</subfield>
      <subfield code="t">180416001</subfield>
    </datafield>
    <datafield tag="856" ind1=" " ind2=" ">
      <subfield code="a">https://ifl.wissensbank.com/fastlink.html?search=180416000</subfield>
      <subfield code="3">permalink</subfield>
    </datafield>
    <datafield tag="856" ind1=" " ind2=" ">
      <subfield code="a">https://ifl.wissensbank.com/cgi-bin/starfetch.exe?oaCKPuT3A2bCjs707hHn0lK8a71bK0lsGblcgw1yTJ1CP0fhIHzF9OZqgYFuoeu6Lsh@ZgRyFN1A1QcGlb8bwGlLAKWGNE@oVnAkEpT.lAbSaoS@pcQOqZirH9RQG3BB6IRc81LR@xKcPxkkoUsuqQ/HK%201449.jpg</subfield>
      <subfield code="3">file</subfield>
    </datafield>
  </record>