
  <record>
    <leader>01250nem  22002893  4500</leader>
    <controlfield tag="001">180422000</controlfield>
    <controlfield tag="003">DE-185</controlfield>
    <controlfield tag="007">ta</controlfield>
    <controlfield tag="008">1796                             i|ger</controlfield>
    <datafield tag="041" ind1=" " ind2=" ">
      <subfield code="a">ger</subfield>
    </datafield>
    <datafield tag="084" ind1=" " ind2=" ">
      <subfield code="a">RA05.11 Polen</subfield>
    </datafield>
    <datafield tag="245" ind1="1" ind2="0">
      <subfield code="a">Grenzkarte der Preussischen, Russischen und Oestreichischen Monarchien in XVI Blättern</subfield>
      <subfield code="c">entworfen von D. F. Sotzmann. H. J. Penningh fecit. [Bl. II:] C. C. Glassbach sen. sc. [Bl. IV:] A. F. Schmidt sc. 1793. [Bl. V:] W. Sander sc.</subfield>
    </datafield>
    <datafield tag="260" ind1=" " ind2=" ">
      <subfield code="a">Berlin</subfield>
      <subfield code="b">Verlag der K. P. Ac. Kunst- u. Buchhandlung</subfield>
      <subfield code="c">1796</subfield>
    </datafield>
    <datafield tag="300" ind1=" " ind2=" ">
      <subfield code="a">1 Kt. auf 16 Bl.</subfield>
      <subfield code="b">flächenkolor.; Grenzen kolor.</subfield>
      <subfield code="c">Gesamtgr. ca. 124 x 100 cm, je Bl. ca. 31 x 25 cm</subfield>
    </datafield>
    <datafield tag="337" ind1=" " ind2=" ">
      <subfield code="a">Karte</subfield>
    </datafield>
    <datafield tag="500" ind1=" " ind2=" ">
      <subfield code="a">Maßstab in graph. Form (Meilen). - Titelkartusche auf Bl. I (= HK 1127). - Maßstab und Legende auf Bl. XV (= HK 1141). - Bl.-Zählung je oben rechts. - Relief: Schraffen</subfield>
    </datafield>
    <datafield tag="520" ind1="3" ind2="#">
      <subfield code="a">Polen und Preußisches Königreich mit Siedlungsnetz, Gewässernetz, Gebirgen etc.</subfield>
    </datafield>
    <datafield tag="650" ind1=" " ind2="4">
      <subfield code="a">Altkarte</subfield>
    </datafield>
    <datafield tag="650" ind1=" " ind2="4">
      <subfield code="a">Grenzraum</subfield>
    </datafield>
    <datafield tag="651" ind1=" " ind2="4">
      <subfield code="a">Polen</subfield>
    </datafield>
    <datafield tag="651" ind1=" " ind2="4">
      <subfield code="a">Preußen</subfield>
    </datafield>
    <datafield tag="700" ind1="2" ind2=" ">
      <subfield code="a">Sotzmann, Daniel Friedrich</subfield>
    </datafield>
    <datafield tag="700" ind1="2" ind2=" ">
      <subfield code="a">Penningh, Harry John</subfield>
    </datafield>
    <datafield tag="700" ind1="2" ind2=" ">
      <subfield code="a">Glassbach, Carl Christian</subfield>
    </datafield>
    <datafield tag="700" ind1="2" ind2=" ">
      <subfield code="a">Schmidt, August F.</subfield>
    </datafield>
    <datafield tag="700" ind1="2" ind2=" ">
      <subfield code="a">Sander, Wilhelm</subfield>
    </datafield>
    <datafield tag="841" ind1=" " ind2=" ">
      <subfield code="a">em__</subfield>
      <subfield code="b">1796</subfield>
      <subfield code="c">3</subfield>
    </datafield>
    <datafield tag="852" ind1=" " ind2=" ">
      <subfield code="a">DE-185</subfield>
      <subfield code="c">Historische Abteilung</subfield>
      <subfield code="m">HK 1127</subfield>
      <subfield code="t">180422001</subfield>
    </datafield>
    <datafield tag="856" ind1=" " ind2=" ">
      <subfield code="a">https://ifl.wissensbank.com/fastlink.html?search=180422000</subfield>
      <subfield code="3">permalink</subfield>
    </datafield>
    <datafield tag="856" ind1=" " ind2=" ">
      <subfield code="a">https://ifl.wissensbank.com/cgi-bin/starfetch.exe?2Cq@dgkG2UUtEvZ9Xa3FAwjHD64@Yh8XDR.ZjOdwXN@vUmex8vuKn5NNjzuymC8X8y5dIQsSEk4kncfs9x7xzIY04M5xJALi@dMuO.Ena6YFMpm8x7mLimupwmlr6asga2jGYwW@M3ZAX3kMa8nORw/HK1127%2d1142Zusatz.jpg</subfield>
      <subfield code="3">file</subfield>
    </datafield>
  </record>