
  <record>
    <leader>01250nem  22002893  4500</leader>
    <controlfield tag="001">180430000</controlfield>
    <controlfield tag="003">DE-185</controlfield>
    <controlfield tag="007">ta</controlfield>
    <controlfield tag="008">1789                             i|ger</controlfield>
    <datafield tag="041" ind1=" " ind2=" ">
      <subfield code="a">ger</subfield>
    </datafield>
    <datafield tag="084" ind1=" " ind2=" ">
      <subfield code="a">RA05.01 Deutschland</subfield>
    </datafield>
    <datafield tag="245" ind1="1" ind2="0">
      <subfield code="a">[Militärische Situationskarte in XXIV [vierundzwanzig] Blättern von den Ländern zwischen dem Rhein Main und Neckar nebst den angränzenden Gegenden]</subfield>
      <subfield code="c">[Geographisch aufgenommen und herausgegeben von Haas Obristlieute. im Grossherzogle. Hessische. Artilleriecorps. Gestochen von C. Felsing Grossherzogle. Hessische. Hof-Kupferstecher in Darmstadt. [1 Bl.:] Gravé par Eckardt à Darmstadt]</subfield>
    </datafield>
    <datafield tag="260" ind1=" " ind2=" ">
      <subfield code="a">[Frankfurt am Main]</subfield>
      <subfield code="b">[Heinrich Ludwig Brönner]</subfield>
      <subfield code="c">[zwischen 1789 u. 1804]</subfield>
    </datafield>
    <datafield tag="300" ind1=" " ind2=" ">
      <subfield code="a">1 Kt. auf [24] Bl.</subfield>
      <subfield code="b">unkolor.</subfield>
      <subfield code="c">Gesamtgr. ca. 216 x 326 cm, je Teil ca. 63 x 47 cm</subfield>
    </datafield>
    <datafield tag="337" ind1=" " ind2=" ">
      <subfield code="a">Karte</subfield>
    </datafield>
    <datafield tag="500" ind1=" " ind2=" ">
      <subfield code="a">Nur 14 Bl. vorhanden. - Maßstab in graph. Form (Rheinische Ruthen). - Maßstab rechts oben (HK 1147, HK 1150). - Titelblatt nicht vorhanden. - Ohne Kt.-Netz. - Relief: Schraffen</subfield>
    </datafield>
    <datafield tag="520" ind1="3" ind2="#">
      <subfield code="a">Rhein-Main-Gebiet mit Siedlungsnetz, Gebirgen, Flüssen etc.</subfield>
    </datafield>
    <datafield tag="650" ind1=" " ind2="4">
      <subfield code="a">Altkarte</subfield>
    </datafield>
    <datafield tag="651" ind1=" " ind2="4">
      <subfield code="a">Deutschland</subfield>
    </datafield>
    <datafield tag="651" ind1=" " ind2="4">
      <subfield code="a">Südwestdeutschland</subfield>
    </datafield>
    <datafield tag="700" ind1="2" ind2=" ">
      <subfield code="a">Haas, Johann Heinrich</subfield>
    </datafield>
    <datafield tag="700" ind1="2" ind2=" ">
      <subfield code="a">Felsing, Johann Conrad</subfield>
    </datafield>
    <datafield tag="700" ind1="2" ind2=" ">
      <subfield code="a">Eckardt, ...</subfield>
    </datafield>
    <datafield tag="700" ind1="2" ind2=" ">
      <subfield code="a">Broenner, Heinrich L.</subfield>
    </datafield>
    <datafield tag="841" ind1=" " ind2=" ">
      <subfield code="a">em__</subfield>
      <subfield code="b">1789</subfield>
      <subfield code="c">3</subfield>
    </datafield>
    <datafield tag="852" ind1=" " ind2=" ">
      <subfield code="a">DE-185</subfield>
      <subfield code="c">Historische Abteilung</subfield>
      <subfield code="m">HK 1143</subfield>
      <subfield code="t">180430001</subfield>
    </datafield>
    <datafield tag="856" ind1=" " ind2=" ">
      <subfield code="a">https://ifl.wissensbank.com/fastlink.html?search=180430000</subfield>
      <subfield code="3">permalink</subfield>
    </datafield>
    <datafield tag="856" ind1=" " ind2=" ">
      <subfield code="a">https://ifl.wissensbank.com/cgi-bin/starfetch.exe?u6uf@wsuBumnR4e1MWLjIbrqkgrww9FSbF.CcizUhQZZLYfFRwInRJ@HdAstfjKGJm3fEg91PYJD3ou2evZqOMD1yZYXpreYdul0W5iNaXHDN8Vw9MBfgALsrbrdX7G5orjR2ghLbgk4LHAiaWrd@A/HK1143%2d1156.jpg</subfield>
      <subfield code="3">file</subfield>
    </datafield>
  </record>