
  <record>
    <leader>01250nem  22002893  4500</leader>
    <controlfield tag="001">180451000</controlfield>
    <controlfield tag="003">DE-185</controlfield>
    <controlfield tag="007">ta</controlfield>
    <controlfield tag="008">1769                             i|ita</controlfield>
    <datafield tag="041" ind1=" " ind2=" ">
      <subfield code="a">ita</subfield>
    </datafield>
    <datafield tag="084" ind1=" " ind2=" ">
      <subfield code="a">RA06.03 Italien</subfield>
    </datafield>
    <datafield tag="225" ind1=" " ind2=" ">
      <subfield code="c">E 16°51'00"-E 18°54'00"/N 41°47'00"-N 39°33'00"</subfield>
    </datafield>
    <datafield tag="245" ind1="1" ind2="0">
      <subfield code="a">Carta Geografica Della Sicilia Prima o sia Regno Di Napoli</subfield>
      <subfield code="c">Disegnata da Gio. Ant. Rizzi Zannoni Padovano Accademico di Gottinga e D'Altorf, e Fatta Incidere per Ordine del Ré delle due Sicilie. G. André scrisse</subfield>
    </datafield>
    <datafield tag="260" ind1=" " ind2=" ">
      <subfield code="a">Parigi</subfield>
      <subfield code="b">Germain e Perrier</subfield>
      <subfield code="c">1769</subfield>
    </datafield>
    <datafield tag="300" ind1=" " ind2=" ">
      <subfield code="a">1 Kt. auf 4 Bl.</subfield>
      <subfield code="b">unkolor.</subfield>
      <subfield code="c">je Teil versch. Gr.</subfield>
    </datafield>
    <datafield tag="337" ind1=" " ind2=" ">
      <subfield code="a">Karte</subfield>
    </datafield>
    <datafield tag="500" ind1=" " ind2=" ">
      <subfield code="a">Maßstab in graph. Form (Miglia di Puglia, Tese di Francia). - Maßstab und Bemerkung unten rechts (Bl. IV). - Titel oben rechts (Bl. III). - Nummerierung je oben links. - Relief: plastisch</subfield>
    </datafield>
    <datafield tag="520" ind1="3" ind2="#">
      <subfield code="a">Südliches Italien mit Siedlungsnetz, Gebirgen, Flüssen etc.</subfield>
    </datafield>
    <datafield tag="650" ind1=" " ind2="4">
      <subfield code="a">Altkarte</subfield>
    </datafield>
    <datafield tag="651" ind1=" " ind2="4">
      <subfield code="a">Italien</subfield>
    </datafield>
    <datafield tag="651" ind1=" " ind2="4">
      <subfield code="a">Italien (Süd)</subfield>
    </datafield>
    <datafield tag="651" ind1=" " ind2="4">
      <subfield code="a">Sicilia</subfield>
    </datafield>
    <datafield tag="700" ind1="2" ind2=" ">
      <subfield code="a">Rizzi-Zannoni, Giovanni Antonio</subfield>
    </datafield>
    <datafield tag="700" ind1="2" ind2=" ">
      <subfield code="a">André, Gaspard</subfield>
    </datafield>
    <datafield tag="700" ind1="2" ind2=" ">
      <subfield code="a">Germain, Louis</subfield>
    </datafield>
    <datafield tag="700" ind1="2" ind2=" ">
      <subfield code="a">Perrier, J.</subfield>
    </datafield>
    <datafield tag="841" ind1=" " ind2=" ">
      <subfield code="a">em__</subfield>
      <subfield code="b">1769</subfield>
      <subfield code="c">3</subfield>
    </datafield>
    <datafield tag="852" ind1=" " ind2=" ">
      <subfield code="a">DE-185</subfield>
      <subfield code="c">Historische Abteilung</subfield>
      <subfield code="m">HK 1158</subfield>
      <subfield code="t">180451001</subfield>
    </datafield>
    <datafield tag="856" ind1=" " ind2=" ">
      <subfield code="a">https://ifl.wissensbank.com/fastlink.html?search=180451000</subfield>
      <subfield code="3">permalink</subfield>
    </datafield>
    <datafield tag="856" ind1=" " ind2=" ">
      <subfield code="a">https://ifl.wissensbank.com/cgi-bin/starfetch.exe?qaR8EeEr02yH01VCKV.f1Zhns4dd1X19KP88bYbrAM.uyGi6q72pWl2Z5rb59eSu.pZlN6CaqPRbG5g61bJZvzPRE9nKV@MWwtue5rYoWCRzDzXqsWccs@Q1XKsFojyeP4rWesAP4gkSILJLI0gdvQ/HK1158.jpg</subfield>
      <subfield code="3">file</subfield>
    </datafield>
  </record>