
  <record>
    <leader>01250nem  22002893  4500</leader>
    <controlfield tag="001">180452000</controlfield>
    <controlfield tag="003">DE-185</controlfield>
    <controlfield tag="007">ta</controlfield>
    <controlfield tag="008">1800                             i|ger</controlfield>
    <datafield tag="041" ind1=" " ind2=" ">
      <subfield code="a">ger</subfield>
    </datafield>
    <datafield tag="084" ind1=" " ind2=" ">
      <subfield code="a">RA05.13 Österreich</subfield>
    </datafield>
    <datafield tag="225" ind1=" " ind2=" ">
      <subfield code="c">E 12°38'00"-E 17°07'00"/N 49°08'00"-N 47°21'00"</subfield>
    </datafield>
    <datafield tag="245" ind1="1" ind2="0">
      <subfield code="a">Neueste Karte des Erzherzogthums Oesterreich Ob und Unter der Enns</subfield>
      <subfield code="b">Eingetheilt In acht Vierteln samt dem Innviertl, und der Grafschaft Neuburg ; mit angemerkten Poststazionen und Kommerzialstrassen</subfield>
      <subfield code="c">Ganz neu bearbeitet und gezeichnet von Ludwig Schmid Ing. Geograph. Gestochen von Franz T. Müller. Gewidmet dem Hoch und Wohlgebornen Herrn Herrn Martin Ioseph von Derichs</subfield>
    </datafield>
    <datafield tag="260" ind1=" " ind2=" ">
      <subfield code="a">Wien</subfield>
      <subfield code="b">Artaria und Compag.</subfield>
      <subfield code="c">1800</subfield>
    </datafield>
    <datafield tag="300" ind1=" " ind2=" ">
      <subfield code="a">1 Kt.</subfield>
      <subfield code="b">Grenzen kolor.</subfield>
      <subfield code="c">88 x 55 cm</subfield>
    </datafield>
    <datafield tag="337" ind1=" " ind2=" ">
      <subfield code="a">Karte</subfield>
    </datafield>
    <datafield tag="500" ind1=" " ind2=" ">
      <subfield code="a">Maßstab in graph. Form (Deutsche geographische Meilen). - Titel oben links. - Maßstab unten links. - Legende unten rechts. - Widmungskartusche unten Mitte. - Nullmeridian: Ferro. - Inselkt. - Mit Entfernungsangaben. - Relief: Schraffen</subfield>
    </datafield>
    <datafield tag="520" ind1="3" ind2="#">
      <subfield code="a">Postroutenkarte von Österreich</subfield>
    </datafield>
    <datafield tag="650" ind1=" " ind2="4">
      <subfield code="a">Altkarte</subfield>
    </datafield>
    <datafield tag="651" ind1=" " ind2="4">
      <subfield code="a">Österreich</subfield>
    </datafield>
    <datafield tag="700" ind1="2" ind2=" ">
      <subfield code="a">Müller, Franz T.</subfield>
    </datafield>
    <datafield tag="700" ind1="2" ind2=" ">
      <subfield code="a">Schmidt, Ludwig</subfield>
    </datafield>
    <datafield tag="700" ind1="2" ind2=" ">
      <subfield code="a">Derichs, Martin Joseph von</subfield>
    </datafield>
    <datafield tag="700" ind1="2" ind2=" ">
      <subfield code="a">Artaria, ...</subfield>
    </datafield>
    <datafield tag="841" ind1=" " ind2=" ">
      <subfield code="a">em__</subfield>
      <subfield code="b">1800</subfield>
      <subfield code="c">3</subfield>
    </datafield>
    <datafield tag="852" ind1=" " ind2=" ">
      <subfield code="a">DE-185</subfield>
      <subfield code="c">Historische Abteilung</subfield>
      <subfield code="m">HK 1162</subfield>
      <subfield code="t">180452001</subfield>
    </datafield>
    <datafield tag="856" ind1=" " ind2=" ">
      <subfield code="a">https://ifl.wissensbank.com/fastlink.html?search=180452000</subfield>
      <subfield code="3">permalink</subfield>
    </datafield>
    <datafield tag="856" ind1=" " ind2=" ">
      <subfield code="a">https://ifl.wissensbank.com/cgi-bin/starfetch.exe?zd@DXDANq9OojXNCyWQJb6R76uct2pYOdMGW6t2yi@AAdvkPvLL7tnoY1aItJ5qGp0kfDaXa2gzTobod9pDONlggyWn4BvimjPjetUg9YDDF1A65yUOi8m19LFXy1tXJ.YfvG8g5qxYEF4@SPe5fxw/HK1162.jpg</subfield>
      <subfield code="3">file</subfield>
    </datafield>
  </record>