
  <record>
    <leader>01250nem  22002893  4500</leader>
    <controlfield tag="001">180454000</controlfield>
    <controlfield tag="003">DE-185</controlfield>
    <controlfield tag="007">ta</controlfield>
    <controlfield tag="008">[1844]                           i|ger</controlfield>
    <datafield tag="041" ind1=" " ind2=" ">
      <subfield code="a">ger</subfield>
    </datafield>
    <datafield tag="084" ind1=" " ind2=" ">
      <subfield code="a">RA05.21 Tschechische Republik</subfield>
    </datafield>
    <datafield tag="225" ind1=" " ind2=" ">
      <subfield code="c">E 12°07'00"-E 40°31'00"/N 49°21'00"-N 33°04'00"</subfield>
    </datafield>
    <datafield tag="245" ind1="1" ind2="0">
      <subfield code="a">Statistisch-topographische Finanz-Karte des Königreiches Boehmen</subfield>
      <subfield code="b">Sr. Excellenz dem Herrn Herrn Carl Friedrich Freiherrn Kübek von Kübau, Landstande in Tyrol, Böhmen, Mähren und Schlesien, Grosskreuz des kais. oester. Leopold Ordens, Ritter des könig. ung. St. Stephan und des russ. k. St. Stanislaus-Ordens 2ter Klasse, k.k. wirklichen geh. Rathe, Präsident der k.k. allgemeinen Hofkammer, Mitglied mehr. gelehrten Gesellschaften etc. etc. etc. ehrfurchtsvoll zugeeignet</subfield>
      <subfield code="c">entworfen und ... von Johann Herz, Doctor der Rechte u. der politischen Wissenschaften an der Wiener Universität, Cd. der Weltweisheit, k.k. Cameralsecretär, Mitglied der gelehrten Gesellschaft in Krakau, etc. etc.</subfield>
    </datafield>
    <datafield tag="260" ind1=" " ind2=" ">
      <subfield code="a">Prag</subfield>
      <subfield code="b">Gottlieb Haase Söhne</subfield>
      <subfield code="c">[1844]</subfield>
    </datafield>
    <datafield tag="300" ind1=" " ind2=" ">
      <subfield code="a">1 Kt.</subfield>
      <subfield code="b">Grenzen kolor.</subfield>
      <subfield code="c">88 x 64 cm</subfield>
    </datafield>
    <datafield tag="337" ind1=" " ind2=" ">
      <subfield code="a">Karte</subfield>
    </datafield>
    <datafield tag="500" ind1=" " ind2=" ">
      <subfield code="a">Maßstab in graph. Form (Meilen). - Titel und Maßstab unten links. - Erkl. der Kt.-Zeichen für Finanzverwaltungen unten rechts. - Erkl. der Finanzgebiete oben links. - Legende oben rechts. - Ohne Relief</subfield>
    </datafield>
    <datafield tag="520" ind1="3" ind2="#">
      <subfield code="a">Böhmen mit Finanzverwaltungen, Zollämtern, Poststationen etc.</subfield>
    </datafield>
    <datafield tag="650" ind1=" " ind2="4">
      <subfield code="a">Altkarte</subfield>
    </datafield>
    <datafield tag="650" ind1=" " ind2="4">
      <subfield code="a">Wirtschaftskarte</subfield>
    </datafield>
    <datafield tag="651" ind1=" " ind2="4">
      <subfield code="a">Tschechien</subfield>
    </datafield>
    <datafield tag="651" ind1=" " ind2="4">
      <subfield code="a">Böhmen (Čechy)</subfield>
    </datafield>
    <datafield tag="700" ind1="2" ind2=" ">
      <subfield code="a">Herz, Johann</subfield>
    </datafield>
    <datafield tag="700" ind1="2" ind2=" ">
      <subfield code="a">Kübeck von Kübau, Carl Friedrich</subfield>
    </datafield>
    <datafield tag="700" ind1="2" ind2=" ">
      <subfield code="a">Haase, Gottlieb</subfield>
    </datafield>
    <datafield tag="700" ind1="2" ind2=" ">
      <subfield code="a">Haase, ...</subfield>
    </datafield>
    <datafield tag="841" ind1=" " ind2=" ">
      <subfield code="a">em__</subfield>
      <subfield code="b">[1844]</subfield>
      <subfield code="c">3</subfield>
    </datafield>
    <datafield tag="852" ind1=" " ind2=" ">
      <subfield code="a">DE-185</subfield>
      <subfield code="c">Historische Abteilung</subfield>
      <subfield code="m">HK 1164</subfield>
      <subfield code="t">180454001</subfield>
    </datafield>
    <datafield tag="856" ind1=" " ind2=" ">
      <subfield code="a">https://ifl.wissensbank.com/fastlink.html?search=180454000</subfield>
      <subfield code="3">permalink</subfield>
    </datafield>
    <datafield tag="856" ind1=" " ind2=" ">
      <subfield code="a">https://ifl.wissensbank.com/cgi-bin/starfetch.exe?2BlDjq0KkqVsfIDlApXxlFqDLkeYjDUIqH@TPNT@VTABADxbGBvovu0NSsJbhQ1KuutxZ8yjcOx8PfZLymqT7XrlkVH8EF@5FtC1EF0jqP9vkS0WqP6Ie5Qyr95Q.GCOEGqzw6vraRvRBaocslCzTg/HK1165.jpg</subfield>
      <subfield code="3">file</subfield>
    </datafield>
  </record>