
  <record>
    <leader>01250nem  22002893  4500</leader>
    <controlfield tag="001">180455000</controlfield>
    <controlfield tag="003">DE-185</controlfield>
    <controlfield tag="007">ta</controlfield>
    <controlfield tag="008">1745                             i|</controlfield>
    <datafield tag="084" ind1=" " ind2=" ">
      <subfield code="a">RL04 Mittelmeer/Mittelmeerraum</subfield>
    </datafield>
    <datafield tag="225" ind1=" " ind2=" ">
      <subfield code="c">E 12°07'00"-E 40°31'00"/N 49°21'00"-N 33°04'00"</subfield>
    </datafield>
    <datafield tag="245" ind1="1" ind2="0">
      <subfield code="a">Orbis Romani Descriptio seu Divisio Per Themata</subfield>
      <subfield code="b">sub Imperatoribus Constantinopolitanis post Heraclii tempora facta ; Avec Privilege du 30 Av. 1745</subfield>
      <subfield code="c">Auctore Guillelmo Del'Isle Regiâe Scientiarum Academiâe Socio ad novam editionem operum Constantini Porphyrogeniti quae prodit Studio Anselmi Bandurii Ragusini monachi Benedictini Melitensis cum ejusdem Notis et Animadversionibus. Ph. Bauche P. G. d. R. d l'A. R. d. S. Gendre de l'Auteur</subfield>
    </datafield>
    <datafield tag="260" ind1=" " ind2=" ">
      <subfield code="a">[Paris]</subfield>
      <subfield code="b">Ph. Buache</subfield>
      <subfield code="c">1745</subfield>
    </datafield>
    <datafield tag="300" ind1=" " ind2=" ">
      <subfield code="a">1 Kt.</subfield>
      <subfield code="b">Grenzen kolor.</subfield>
      <subfield code="c">61 x 47 cm</subfield>
    </datafield>
    <datafield tag="337" ind1=" " ind2=" ">
      <subfield code="a">Karte</subfield>
    </datafield>
    <datafield tag="500" ind1=" " ind2=" ">
      <subfield code="a">Maßstab in graph. Form (Studia Graeca). - Titel oben Mitte. - Maßstab und Legende unten links. - Ohne Gradnetz. - Oben rechts: Ante pag. 1. - Relief: Einzelberge</subfield>
    </datafield>
    <datafield tag="520" ind1="3" ind2="#">
      <subfield code="a">Verwaltungsgeschichtliche Karte vom Byzantinischen Reich mit Siedlungen, Flüssen etc.</subfield>
    </datafield>
    <datafield tag="650" ind1=" " ind2="4">
      <subfield code="a">Altkarte</subfield>
    </datafield>
    <datafield tag="650" ind1=" " ind2="4">
      <subfield code="a">Politische Karte</subfield>
    </datafield>
    <datafield tag="651" ind1=" " ind2="4">
      <subfield code="a">Mittelmeerraum</subfield>
    </datafield>
    <datafield tag="651" ind1=" " ind2="4">
      <subfield code="a">Byzantinisches Reich</subfield>
    </datafield>
    <datafield tag="700" ind1="2" ind2=" ">
      <subfield code="a">L'Isle, Guillaume de</subfield>
    </datafield>
    <datafield tag="700" ind1="2" ind2=" ">
      <subfield code="a">Banduri, Anselmo</subfield>
    </datafield>
    <datafield tag="700" ind1="2" ind2=" ">
      <subfield code="a">Buache, Philippe</subfield>
    </datafield>
    <datafield tag="841" ind1=" " ind2=" ">
      <subfield code="a">em__</subfield>
      <subfield code="b">1745</subfield>
      <subfield code="c">3</subfield>
    </datafield>
    <datafield tag="852" ind1=" " ind2=" ">
      <subfield code="a">DE-185</subfield>
      <subfield code="c">Historische Abteilung</subfield>
      <subfield code="m">HK 1165</subfield>
      <subfield code="t">180455001</subfield>
    </datafield>
    <datafield tag="856" ind1=" " ind2=" ">
      <subfield code="a">https://ifl.wissensbank.com/fastlink.html?search=180455000</subfield>
      <subfield code="3">permalink</subfield>
    </datafield>
    <datafield tag="856" ind1=" " ind2=" ">
      <subfield code="a">https://ifl.wissensbank.com/cgi-bin/starfetch.exe?iJabhYO9WmXU085SMGwuZEn3GvkLPtoQubih546p1rqYjkFQQ7Q7Ri8K3x3hcC6HK6xsf1GahgSOd0.e1MvQPLg6QcCmBsPMoG1apsf1xPXgbYLJ7eVaVGemshKK7TUtDtLR7ADPl29OWrTijdcZ@w/HK1165.jpg</subfield>
      <subfield code="3">file</subfield>
    </datafield>
  </record>