
  <record>
    <leader>01250nem  22002893  4500</leader>
    <controlfield tag="001">180456000</controlfield>
    <controlfield tag="003">DE-185</controlfield>
    <controlfield tag="007">ta</controlfield>
    <controlfield tag="008">1834                             i|ger</controlfield>
    <datafield tag="041" ind1=" " ind2=" ">
      <subfield code="a">ger</subfield>
    </datafield>
    <datafield tag="084" ind1=" " ind2=" ">
      <subfield code="a">RI03.01 China</subfield>
    </datafield>
    <datafield tag="225" ind1=" " ind2=" ">
      <subfield code="c">E 111°09'00"-E 114°39'00"/N 23°15'00"-N 21°11'00"</subfield>
    </datafield>
    <datafield tag="245" ind1="1" ind2="0">
      <subfield code="a">Die Chinesische Küste Der Provinz Kuang-tung</subfield>
      <subfield code="b">zu beiden Seiten des Meridians von Macao, 2 Gr. 20 M. westlich und 1 Gr. 10 M. östlich desselben, mit Einschluss des Tschu Kiang oder Canton-Stromes, von seiner Mündung aufwärts bis zur Stadt Kuang tscheu fu</subfield>
      <subfield code="c">Nach den Aufnahmen der Kapitains Daniel Ross, Horsburgh, Maughan, Auber, Blakely, &amp;c., &amp;c. Gestochen von H. Herzberg</subfield>
    </datafield>
    <datafield tag="260" ind1=" " ind2=" ">
      <subfield code="a">Gotha</subfield>
      <subfield code="b">Verlag von Justus Perthes</subfield>
      <subfield code="c">1834</subfield>
    </datafield>
    <datafield tag="300" ind1=" " ind2=" ">
      <subfield code="a">1 Kt.</subfield>
      <subfield code="b">unkolor.</subfield>
      <subfield code="c">86 x 57 cm</subfield>
    </datafield>
    <datafield tag="337" ind1=" " ind2=" ">
      <subfield code="a">Karte</subfield>
    </datafield>
    <datafield tag="500" ind1=" " ind2=" ">
      <subfield code="a">Aus: Berghaus' Atlas von Asia / Heinrich K. Berghaus ; 16. - Ohne Maßstab. - Titel oben rechts. - Nullmeridian: Macao. - Mit 2 Nebenkt.: Macao. Harlems Bai. - Mit 5 Ans.: Tiger-Insel. Bocca Tigris. Pic Von Lantoa. Macao. Camoens Grotte. - Mit zahlr. Küstenansichten. - Mit Erl. auf d. Kt.-Feld. - Mit Tiefenangaben. - Relief: Schraffen</subfield>
    </datafield>
    <datafield tag="520" ind1="3" ind2="#">
      <subfield code="a">Küstenkarte der Provinz Kwangtung</subfield>
    </datafield>
    <datafield tag="650" ind1=" " ind2="4">
      <subfield code="a">Altkarte</subfield>
    </datafield>
    <datafield tag="650" ind1=" " ind2="4">
      <subfield code="a">Küste</subfield>
    </datafield>
    <datafield tag="651" ind1=" " ind2="4">
      <subfield code="a">China</subfield>
    </datafield>
    <datafield tag="651" ind1=" " ind2="4">
      <subfield code="a">Guangdong</subfield>
    </datafield>
    <datafield tag="700" ind1="2" ind2=" ">
      <subfield code="a">Ross, Daniel</subfield>
    </datafield>
    <datafield tag="700" ind1="2" ind2=" ">
      <subfield code="a">Herzberg, Heinrich</subfield>
    </datafield>
    <datafield tag="700" ind1="2" ind2=" ">
      <subfield code="a">Horsburgh, James</subfield>
    </datafield>
    <datafield tag="700" ind1="2" ind2=" ">
      <subfield code="a">Maughan, Philip</subfield>
    </datafield>
    <datafield tag="700" ind1="2" ind2=" ">
      <subfield code="a">Newell, D. P.</subfield>
    </datafield>
    <datafield tag="700" ind1="2" ind2=" ">
      <subfield code="a">Auber, H. P.</subfield>
    </datafield>
    <datafield tag="700" ind1="2" ind2=" ">
      <subfield code="a">Blakely, William R.</subfield>
    </datafield>
    <datafield tag="700" ind1="2" ind2=" ">
      <subfield code="a">Perthes, Justus</subfield>
    </datafield>
    <datafield tag="700" ind1="2" ind2=" ">
      <subfield code="a">Berghaus, Heinrich Karl Wilhelm</subfield>
    </datafield>
    <datafield tag="841" ind1=" " ind2=" ">
      <subfield code="a">em__</subfield>
      <subfield code="b">1834</subfield>
      <subfield code="c">3</subfield>
    </datafield>
    <datafield tag="852" ind1=" " ind2=" ">
      <subfield code="a">DE-185</subfield>
      <subfield code="c">Historische Abteilung</subfield>
      <subfield code="m">HK 1166</subfield>
      <subfield code="t">180456001</subfield>
    </datafield>
    <datafield tag="856" ind1=" " ind2=" ">
      <subfield code="a">https://ifl.wissensbank.com/fastlink.html?search=180456000</subfield>
      <subfield code="3">permalink</subfield>
    </datafield>
    <datafield tag="856" ind1=" " ind2=" ">
      <subfield code="a">https://ifl.wissensbank.com/cgi-bin/starfetch.exe?my38fRp@spvKYWeIDtWuXMP5CshbvFI9NXENIuF9jXfBuJ0KdCgKNHu369dmK0Q59SM8ikqzCXIkXSuWg0JzEWCulyMZoyEnQJM.rTcpBjFPYA3Czpds.uIc5wms970.fGJQnbK.DGpd85vgk19.7w/HK1166.jpg</subfield>
      <subfield code="3">file</subfield>
    </datafield>
  </record>