
  <record>
    <leader>01250nem  22002893  4500</leader>
    <controlfield tag="001">180458000</controlfield>
    <controlfield tag="003">DE-185</controlfield>
    <controlfield tag="007">ta</controlfield>
    <controlfield tag="008">1826                             i|</controlfield>
    <datafield tag="084" ind1=" " ind2=" ">
      <subfield code="a">RA Europa</subfield>
    </datafield>
    <datafield tag="245" ind1="1" ind2="0">
      <subfield code="a">Orbis Terrarum Antiquus</subfield>
      <subfield code="b">Secundum Optimos Auctores, Tam Veteres Quam Recentiores, In Usum Scholarum</subfield>
      <subfield code="c">Exaratus A F. G. Benicken, Reg. Boruss. Centurione etc. Fasciculus Imus.</subfield>
    </datafield>
    <datafield tag="260" ind1=" " ind2=" ">
      <subfield code="a">Vimariae</subfield>
      <subfield code="b">Sumptibus Instituti Geographici [Geographisches Institut]</subfield>
      <subfield code="c">1826</subfield>
    </datafield>
    <datafield tag="300" ind1=" " ind2=" ">
      <subfield code="a">1 Kt. auf 18 Bl. + 1 Textbeil.</subfield>
      <subfield code="b">unkolor.</subfield>
      <subfield code="c">Je Bl. 48 x 65 cm</subfield>
    </datafield>
    <datafield tag="337" ind1=" " ind2=" ">
      <subfield code="a">Karte</subfield>
    </datafield>
    <datafield tag="500" ind1=" " ind2=" ">
      <subfield code="a">Nur 6 Bl. vorhanden. - Ohne Maßstab. - Nummerierung je oben Mitte. - Relief: Schraffen</subfield>
    </datafield>
    <datafield tag="520" ind1="3" ind2="#">
      <subfield code="a">Karten zur Erläuterung des Schulunterrichts</subfield>
    </datafield>
    <datafield tag="650" ind1=" " ind2="4">
      <subfield code="a">Altkarte</subfield>
    </datafield>
    <datafield tag="650" ind1=" " ind2="4">
      <subfield code="a">Geschichtskarte</subfield>
    </datafield>
    <datafield tag="650" ind1=" " ind2="4">
      <subfield code="a">Schulkartographie</subfield>
    </datafield>
    <datafield tag="651" ind1=" " ind2="4">
      <subfield code="a">Europa</subfield>
    </datafield>
    <datafield tag="651" ind1=" " ind2="4">
      <subfield code="a">Afrika</subfield>
    </datafield>
    <datafield tag="653" ind1="1" ind2=" ">
      <subfield code="a">Afrika</subfield>
    </datafield>
    <datafield tag="700" ind1="2" ind2=" ">
      <subfield code="a">Benicken, Friedrich Wilhelm</subfield>
    </datafield>
    <datafield tag="841" ind1=" " ind2=" ">
      <subfield code="a">em__</subfield>
      <subfield code="b">1826</subfield>
      <subfield code="c">3</subfield>
    </datafield>
    <datafield tag="852" ind1=" " ind2=" ">
      <subfield code="a">DE-185</subfield>
      <subfield code="c">Historische Abteilung</subfield>
      <subfield code="m">HK 1168-1173</subfield>
      <subfield code="t">180458001</subfield>
    </datafield>
    <datafield tag="856" ind1=" " ind2=" ">
      <subfield code="a">https://ifl.wissensbank.com/fastlink.html?search=180458000</subfield>
      <subfield code="3">permalink</subfield>
    </datafield>
    <datafield tag="856" ind1=" " ind2=" ">
      <subfield code="a">https://ifl.wissensbank.com/cgi-bin/starfetch.exe?39PF9rEncK7y.AaLCnL6yS5HaTPpQPjMEHX5vhKcawbV621SOUwYXuB9RYplFMxHADrZWM9orgU@XAK19KY.hruChGp79g0d28Rn6R5z0BPupes8Y.np9HiJw8N2LhvDO@fBMLq4slA3jdLLeZ0tTg/HK1168%2d1173.jpg</subfield>
      <subfield code="3">file</subfield>
    </datafield>
  </record>