
  <record>
    <leader>01250nem  22002893  4500</leader>
    <controlfield tag="001">180459000</controlfield>
    <controlfield tag="003">DE-185</controlfield>
    <controlfield tag="007">ta</controlfield>
    <controlfield tag="008">1886                             i|eng</controlfield>
    <datafield tag="041" ind1=" " ind2=" ">
      <subfield code="a">eng</subfield>
    </datafield>
    <datafield tag="084" ind1=" " ind2=" ">
      <subfield code="a">RA04.02 Vereinigtes Königreich</subfield>
    </datafield>
    <datafield tag="245" ind1="1" ind2="0">
      <subfield code="a">Snowdon and its surroundings</subfield>
      <subfield code="c">James Wyld, Geographer to the Queen. Engravel in the Tower of London at the Ordnance Map Office the Outline and Hills by J. Peake, the Writing by J. A. Harrison, the Water by B. Baker &amp; Published by Colonel Colby F. R. S. L &amp; E. M. R. I. A. &amp;c. Jan[uar]y 1st 1841</subfield>
    </datafield>
    <datafield tag="260" ind1=" " ind2=" ">
      <subfield code="a">[London]</subfield>
      <subfield code="c">1841 - 1886</subfield>
    </datafield>
    <datafield tag="300" ind1=" " ind2=" ">
      <subfield code="a">1 Kt.</subfield>
      <subfield code="b">unkolor.</subfield>
      <subfield code="c">95 x 60 cm, gefaltet</subfield>
    </datafield>
    <datafield tag="337" ind1=" " ind2=" ">
      <subfield code="a">Karte</subfield>
    </datafield>
    <datafield tag="500" ind1=" " ind2=" ">
      <subfield code="a">Vermutlich aus: Old Series Ordnance Survey Map of Wales / 75. - Titel handschriftlich ergänzt. - Originaltitel vermutlich Snowdonia. - Maßstab in graph. Form (Miles). - Maßstab unterhalb des Kt.-Feldes. - Mit Umschlagtitel. - Auf Leinenrücken aufgezogen. - Mit Gradnetzangaben am Kt.-Rand. - Oben rechts: No. LXXV, 75. - Relief plastisch</subfield>
    </datafield>
    <datafield tag="520" ind1="3" ind2="#">
      <subfield code="a">Caernarfonshire mit dem höchsten Berg von Wales Snowdon</subfield>
    </datafield>
    <datafield tag="650" ind1=" " ind2="4">
      <subfield code="a">Altkarte</subfield>
    </datafield>
    <datafield tag="651" ind1=" " ind2="4">
      <subfield code="a">Großbritannien</subfield>
    </datafield>
    <datafield tag="651" ind1=" " ind2="4">
      <subfield code="a">Wales</subfield>
    </datafield>
    <datafield tag="651" ind1=" " ind2="4">
      <subfield code="a">Caernarfonshire</subfield>
    </datafield>
    <datafield tag="700" ind1="2" ind2=" ">
      <subfield code="a">Wyld, James</subfield>
    </datafield>
    <datafield tag="700" ind1="2" ind2=" ">
      <subfield code="a">Baker, Benjamin</subfield>
    </datafield>
    <datafield tag="700" ind1="2" ind2=" ">
      <subfield code="a">Peake, J.</subfield>
    </datafield>
    <datafield tag="700" ind1="2" ind2=" ">
      <subfield code="a">Colby, Thomas Frederick</subfield>
    </datafield>
    <datafield tag="841" ind1=" " ind2=" ">
      <subfield code="a">em__</subfield>
      <subfield code="b">1886</subfield>
      <subfield code="c">3</subfield>
    </datafield>
    <datafield tag="852" ind1=" " ind2=" ">
      <subfield code="a">DE-185</subfield>
      <subfield code="c">Historische Abteilung</subfield>
      <subfield code="m">HK 1174</subfield>
      <subfield code="t">180459001</subfield>
    </datafield>
    <datafield tag="856" ind1=" " ind2=" ">
      <subfield code="a">https://ifl.wissensbank.com/fastlink.html?search=180459000</subfield>
      <subfield code="3">permalink</subfield>
    </datafield>
    <datafield tag="856" ind1=" " ind2=" ">
      <subfield code="a">https://ifl.wissensbank.com/cgi-bin/starfetch.exe?TPe5bVANAr00BdKyJ.UYH0Aevgg9Qo6qQlQLvaj1vVc7eWoNDnRIYC0VT.STmrs.DWGBmcfmNvL9DAnFhK4ZLFt.Gf6VHzDXQW6Xyk8HtE1tBYQr8mqZyLPJyv29YQWCQhP730kBbBOIUcSnghDlUQ/HK1174.jpg</subfield>
      <subfield code="3">file</subfield>
    </datafield>
  </record>