
  <record>
    <leader>01250nem  22002893  4500</leader>
    <controlfield tag="001">180463000</controlfield>
    <controlfield tag="003">DE-185</controlfield>
    <controlfield tag="007">ta</controlfield>
    <controlfield tag="008">1889                             i|eng</controlfield>
    <datafield tag="041" ind1=" " ind2=" ">
      <subfield code="a">eng</subfield>
    </datafield>
    <datafield tag="084" ind1=" " ind2=" ">
      <subfield code="a">RG04.01 Afghanistan</subfield>
    </datafield>
    <datafield tag="225" ind1=" " ind2=" ">
      <subfield code="a">1:1.520.640</subfield>
    </datafield>
    <datafield tag="245" ind1="1" ind2="0">
      <subfield code="a">Afghanistan</subfield>
      <subfield code="c">Published under the direction of Colonel H. R. Thuillier, R. E., Suveyor-General of India</subfield>
    </datafield>
    <datafield tag="260" ind1=" " ind2=" ">
      <subfield code="a">Calcutta</subfield>
      <subfield code="b">H. R. Thuillier</subfield>
      <subfield code="c">1889</subfield>
    </datafield>
    <datafield tag="300" ind1=" " ind2=" ">
      <subfield code="a">1 Kt.</subfield>
      <subfield code="b">teilw. kolor.</subfield>
      <subfield code="c">100 x ca. 75 cm, gefaltet</subfield>
    </datafield>
    <datafield tag="337" ind1=" " ind2=" ">
      <subfield code="a">Karte</subfield>
    </datafield>
    <datafield tag="500" ind1=" " ind2=" ">
      <subfield code="a">Maßstab in graph. Form (Miles). - Titel oberhalb des Kt.-Feldes. - Maßstab, Legende u. Anm. unterhalb des Kt.-Feldes. - Auf Leinenrücken aufgezogen. - Teilw. noch Relief: Schraffen, durch Schummerung verstärkt</subfield>
    </datafield>
    <datafield tag="520" ind1="3" ind2="#">
      <subfield code="a">Afghanistan mit Siedlungen, Verkehrsnetz, Gewässernetz etc.</subfield>
    </datafield>
    <datafield tag="650" ind1=" " ind2="4">
      <subfield code="a">Altkarte</subfield>
    </datafield>
    <datafield tag="651" ind1=" " ind2="4">
      <subfield code="a">Afghanistan</subfield>
    </datafield>
    <datafield tag="700" ind1="2" ind2=" ">
      <subfield code="a">Thuillier, Henry Ravenshaw</subfield>
    </datafield>
    <datafield tag="700" ind1="2" ind2=" ">
      <subfield code="a">Andriveau-Goujon, Eugène</subfield>
    </datafield>
    <datafield tag="841" ind1=" " ind2=" ">
      <subfield code="a">em__</subfield>
      <subfield code="b">1889</subfield>
      <subfield code="c">3</subfield>
    </datafield>
    <datafield tag="852" ind1=" " ind2=" ">
      <subfield code="a">DE-185</subfield>
      <subfield code="c">Historische Abteilung</subfield>
      <subfield code="m">HK 1175</subfield>
      <subfield code="t">180463001</subfield>
    </datafield>
    <datafield tag="856" ind1=" " ind2=" ">
      <subfield code="a">https://ifl.wissensbank.com/fastlink.html?search=180463000</subfield>
      <subfield code="3">permalink</subfield>
    </datafield>
    <datafield tag="856" ind1=" " ind2=" ">
      <subfield code="a">https://ifl.wissensbank.com/cgi-bin/starfetch.exe?pXoYJtIywBw6t0GtSHr7OjoZbQNgwPgMMzff7XjkjfShZ.49Y4x@GI2etg6IkyXGoSihP5yRw28dP3.6Cl4ll0OV9l74JB@l.XpoisoEqeMrGBCvfqYblQZYNWD.le2ksFQ@7LENYvb2D9EnaVmAtA/HK1175.jpg</subfield>
      <subfield code="3">file</subfield>
    </datafield>
  </record>