
  <record>
    <leader>01250nem  22002893  4500</leader>
    <controlfield tag="001">180466000</controlfield>
    <controlfield tag="003">DE-185</controlfield>
    <controlfield tag="007">ta</controlfield>
    <controlfield tag="008">1800                             i|fre</controlfield>
    <datafield tag="041" ind1=" " ind2=" ">
      <subfield code="a">fre</subfield>
    </datafield>
    <datafield tag="084" ind1=" " ind2=" ">
      <subfield code="a">RA04.04 Belgien</subfield>
    </datafield>
    <datafield tag="245" ind1="1" ind2="0">
      <subfield code="a">[Frankreich: Gebiet Namur - Liège - Dinant]</subfield>
    </datafield>
    <datafield tag="260" ind1=" " ind2=" ">
      <subfield code="a">[S.l.]</subfield>
      <subfield code="c">[um 1800]</subfield>
    </datafield>
    <datafield tag="300" ind1=" " ind2=" ">
      <subfield code="a">1 Kt. auf 9 Bl.</subfield>
      <subfield code="b">unkolor.</subfield>
      <subfield code="c">135 x 112 cm</subfield>
    </datafield>
    <datafield tag="337" ind1=" " ind2=" ">
      <subfield code="a">Karte</subfield>
    </datafield>
    <datafield tag="500" ind1=" " ind2=" ">
      <subfield code="a">Im Schuber. - Nur Fragmente vorhanden. - Auf Leinenrücken aufgezogen. - Ohne Titel. - Maßstab in graph. Form (Mètres, Toises). - Relief: Schraffen</subfield>
    </datafield>
    <datafield tag="520" ind1="3" ind2="#">
      <subfield code="a">Fragment von Frankreich mit Siedlungen, Straßen, Flüssen etc.</subfield>
    </datafield>
    <datafield tag="650" ind1=" " ind2="4">
      <subfield code="a">Altkarte</subfield>
    </datafield>
    <datafield tag="651" ind1=" " ind2="4">
      <subfield code="a">Belgien</subfield>
    </datafield>
    <datafield tag="651" ind1=" " ind2="4">
      <subfield code="a">Wallonie</subfield>
    </datafield>
    <datafield tag="841" ind1=" " ind2=" ">
      <subfield code="a">em__</subfield>
      <subfield code="b">1800</subfield>
      <subfield code="c">3</subfield>
    </datafield>
    <datafield tag="852" ind1=" " ind2=" ">
      <subfield code="a">DE-185</subfield>
      <subfield code="c">Historische Abteilung</subfield>
      <subfield code="m">HK 1176 - 01</subfield>
      <subfield code="t">180466001</subfield>
    </datafield>
    <datafield tag="856" ind1=" " ind2=" ">
      <subfield code="a">https://ifl.wissensbank.com/fastlink.html?search=180466000</subfield>
      <subfield code="3">permalink</subfield>
    </datafield>
    <datafield tag="856" ind1=" " ind2=" ">
      <subfield code="a">https://ifl.wissensbank.com/cgi-bin/starfetch.exe?.h@tova2VX8PtsJ2DVUH6T8S83ZmjDJy67bqoe6mJau@xwfnUWOpeEqHkN@HlPL2mOQn7q3FWnUnkd8pdkHnOE@lqMwNLAsJENjHu1t2YUXs.XPcgaVDP9aWCn9@EAkAmY8CdEfh2hcShpwtqzzcpQ/HK1176Zusatz.jpg</subfield>
      <subfield code="3">file</subfield>
    </datafield>
  </record>