
  <record>
    <leader>01250nem  22002893  4500</leader>
    <controlfield tag="001">180473000</controlfield>
    <controlfield tag="003">DE-185</controlfield>
    <controlfield tag="007">ta</controlfield>
    <controlfield tag="008">1816                             i|rus</controlfield>
    <datafield tag="041" ind1=" " ind2=" ">
      <subfield code="a">rus</subfield>
    </datafield>
    <datafield tag="084" ind1=" " ind2=" ">
      <subfield code="a">RL03 Pazifischer Ozean/Pazifischer Raum</subfield>
    </datafield>
    <datafield tag="245" ind1="1" ind2="0">
      <subfield code="a">Plan" Ostrovov" Sumnitel'nago, G.fa Rumjancova, Spiridova I Cěpi Rjurika</subfield>
      <subfield code="b">Iz" koich" I.do sredina v" širot" 14.° 50.° 11.° dolgot" 138.° 47.° 22.° II.do v" šir. 14.° 57.° 30.° dolg. 144.° 28.° 30.° III.do širot" 14.° 40.° 00.° dolgot" 144.° 58.° 00.° i IV.do s"vernaja okonečnost' v" širot" 15.°10.° 00.° dolg. 146.° 34.° 00.° vostočnaja v" širot" 15.° 21.° 00.° dolgot" 146.° 31.° 00.° ego ž" samaja južnaja čast' v" šir. 15.° 30.° 00.° dolgot. 146.° 46.° 00.°; a zapadnaja v" širot" 15.° 20.° 00.° S.j dolgot. 146.° 50.° 40.° W.j ot" Grinviča</subfield>
    </datafield>
    <datafield tag="260" ind1=" " ind2=" ">
      <subfield code="a">[St. Petersburg]</subfield>
      <subfield code="c">1816</subfield>
    </datafield>
    <datafield tag="300" ind1=" " ind2=" ">
      <subfield code="a">1 Kt.</subfield>
      <subfield code="b">unkolor.</subfield>
      <subfield code="c">62 x 40 cm</subfield>
    </datafield>
    <datafield tag="337" ind1=" " ind2=" ">
      <subfield code="a">Karte</subfield>
    </datafield>
    <datafield tag="500" ind1=" " ind2=" ">
      <subfield code="a">Aus: Atlas" k" Putešestviju Lejtenanta Kocebu Na Korablě Rjurikě V" Južnoe More I V" Beringov" Iroliv" / Otto von Kotzebue. - Titel oben rechts. - Maßstab in graph. Form (mil' Italianskich"). - Maßstab unten rechts. - Relief: Schraffen. - Oben rechts: No. 3. - In kyrill. Schrift</subfield>
    </datafield>
    <datafield tag="520" ind1="3" ind2="#">
      <subfield code="a">Abschnitt der Beringstraße</subfield>
    </datafield>
    <datafield tag="650" ind1=" " ind2="4">
      <subfield code="a">Altkarte</subfield>
    </datafield>
    <datafield tag="650" ind1=" " ind2="4">
      <subfield code="a">Straße</subfield>
    </datafield>
    <datafield tag="651" ind1=" " ind2="4">
      <subfield code="a">Bering-Straße</subfield>
    </datafield>
    <datafield tag="700" ind1="2" ind2=" ">
      <subfield code="a">Kotzebue, Otto von</subfield>
    </datafield>
    <datafield tag="841" ind1=" " ind2=" ">
      <subfield code="a">em__</subfield>
      <subfield code="b">1816</subfield>
      <subfield code="c">3</subfield>
    </datafield>
    <datafield tag="852" ind1=" " ind2=" ">
      <subfield code="a">DE-185</subfield>
      <subfield code="c">Historische Abteilung</subfield>
      <subfield code="m">HK 1200 - 02</subfield>
      <subfield code="t">180473001</subfield>
    </datafield>
    <datafield tag="856" ind1=" " ind2=" ">
      <subfield code="a">https://ifl.wissensbank.com/fastlink.html?search=180473000</subfield>
      <subfield code="3">permalink</subfield>
    </datafield>
    <datafield tag="856" ind1=" " ind2=" ">
      <subfield code="a">https://ifl.wissensbank.com/cgi-bin/starfetch.exe?NvhymkHqV@ArQy9eN1UztuFG0lA@zL.8.LYdf7oEA6lgv@zghtQsTqGyqfyF@VoiC@550s7OQABnhSzCnw3C1QVwqG7KrP.C@Yvjh63POjDaO.Kh8KamJrIW2q6c2QJYhdFQjeKxexTBcHjmYHdoag/HK1200%2e2.jpg</subfield>
      <subfield code="3">file</subfield>
    </datafield>
  </record>