
  <record>
    <leader>01250nem  22002893  4500</leader>
    <controlfield tag="001">180474000</controlfield>
    <controlfield tag="003">DE-185</controlfield>
    <controlfield tag="007">ta</controlfield>
    <controlfield tag="008">1816                             i|rus</controlfield>
    <datafield tag="041" ind1=" " ind2=" ">
      <subfield code="a">rus</subfield>
    </datafield>
    <datafield tag="084" ind1=" " ind2=" ">
      <subfield code="a">RL03 Pazifischer Ozean/Pazifischer Raum</subfield>
    </datafield>
    <datafield tag="245" ind1="1" ind2="0">
      <subfield code="a">Plan" Ostrovov" Dinsa I Kruzenšterna</subfield>
      <subfield code="b">Iz" koich" pervago O.ja okonečnost' ležit" v" širot" 15.° 16.° 30.°, dolgot" 147.° 12.°, samajaž" S.naja čast' v" 15.° 22.° 30.° i 147.° 19.° 30.° W.vaja okonečost' v"15.° 00.° 00.° S.noj 148.° 22.° 00.° W.voj ot" Grenviča; a vtorago sredina v" š 15.° 0.° 0.° S.i i d 148.° 41.° W.j Sklon. kom. 5.° 37.° O.e</subfield>
    </datafield>
    <datafield tag="260" ind1=" " ind2=" ">
      <subfield code="a">[St. Petersburg]</subfield>
      <subfield code="c">1816</subfield>
    </datafield>
    <datafield tag="300" ind1=" " ind2=" ">
      <subfield code="a">1 Kt.</subfield>
      <subfield code="b">unkolor.</subfield>
      <subfield code="c">62 x 39 cm</subfield>
    </datafield>
    <datafield tag="337" ind1=" " ind2=" ">
      <subfield code="a">Karte</subfield>
    </datafield>
    <datafield tag="500" ind1=" " ind2=" ">
      <subfield code="a">Aus: Atlas" k" Putešestviju Lejtenanta Kocebu Na Korablě Rjurikě V" Južnoe More I V" Beringov" Iroliv" / Otto von Kotzebue. - Titel oben Mitte. - Maßstab in graph. Form (mil' Italianskich"). - Maßstab unten links. - Relief: Schraffen. - Oben rechts: No. 4. - Mit 1 Nebenkt. - In kyrill. Schrift</subfield>
    </datafield>
    <datafield tag="520" ind1="3" ind2="#">
      <subfield code="a">Abschnitt der Beringstraße</subfield>
    </datafield>
    <datafield tag="650" ind1=" " ind2="4">
      <subfield code="a">Altkarte</subfield>
    </datafield>
    <datafield tag="650" ind1=" " ind2="4">
      <subfield code="a">Straße</subfield>
    </datafield>
    <datafield tag="651" ind1=" " ind2="4">
      <subfield code="a">Bering-Straße</subfield>
    </datafield>
    <datafield tag="700" ind1="2" ind2=" ">
      <subfield code="a">Kotzebue, Otto von</subfield>
    </datafield>
    <datafield tag="841" ind1=" " ind2=" ">
      <subfield code="a">em__</subfield>
      <subfield code="b">1816</subfield>
      <subfield code="c">3</subfield>
    </datafield>
    <datafield tag="852" ind1=" " ind2=" ">
      <subfield code="a">DE-185</subfield>
      <subfield code="c">Historische Abteilung</subfield>
      <subfield code="m">HK 1200 - 03</subfield>
      <subfield code="t">180474001</subfield>
    </datafield>
    <datafield tag="856" ind1=" " ind2=" ">
      <subfield code="a">https://ifl.wissensbank.com/fastlink.html?search=180474000</subfield>
      <subfield code="3">permalink</subfield>
    </datafield>
    <datafield tag="856" ind1=" " ind2=" ">
      <subfield code="a">https://ifl.wissensbank.com/cgi-bin/starfetch.exe?GjV8cUl0l5wJKnG6knd7uA3iZlF1954Ta.KID63.G4rIIvZY6bwydlq.SYVHK5ttCXuRymhoHZLH9nZtJUImyni6bQzbfnKVzJDts04f56tnqODqkp@TA10tn3a2eyBXQytD5qjjLSrre.P7hpgcyA/HK%201200%20%2d%2003.jpg</subfield>
      <subfield code="3">file</subfield>
    </datafield>
  </record>