
  <record>
    <leader>01250nem  22002893  4500</leader>
    <controlfield tag="001">180475000</controlfield>
    <controlfield tag="003">DE-185</controlfield>
    <controlfield tag="007">ta</controlfield>
    <controlfield tag="008">1816                             i|rus</controlfield>
    <datafield tag="041" ind1=" " ind2=" ">
      <subfield code="a">rus</subfield>
    </datafield>
    <datafield tag="084" ind1=" " ind2=" ">
      <subfield code="a">RL03 Pazifischer Ozean/Pazifischer Raum</subfield>
    </datafield>
    <datafield tag="245" ind1="1" ind2="0">
      <subfield code="a">Plan" Ostrovov" Penrina K.zja Kutuzova Smolenskago I Suvorova Rimnikskago</subfield>
      <subfield code="b">Iz" koich" pervoj ležit" v" širot" 9.° 01.° 35.° S.j dolg. 157.° 34.° 32.° W.j vtoroj v" širot" 11.° 18.° 37.° N.ja dolgota 190.° 3.° 3.° W; tretij v" širot" 11.° 6.° 40.° N.j dolgot" 190.° 13.° 18.° W, a Sredina prochoda meždu dvumja posl" dnimi Ostrovkami v" širot" 11.° 11.° 25.° N.j dolgot" 190.° 9.° 33.° W.j ot" Grinviča</subfield>
    </datafield>
    <datafield tag="260" ind1=" " ind2=" ">
      <subfield code="a">[St. Petersburg]</subfield>
      <subfield code="c">1816</subfield>
    </datafield>
    <datafield tag="300" ind1=" " ind2=" ">
      <subfield code="a">1 Kt.</subfield>
      <subfield code="b">unkolor.</subfield>
      <subfield code="c">61 x 40 cm</subfield>
    </datafield>
    <datafield tag="337" ind1=" " ind2=" ">
      <subfield code="a">Karte</subfield>
    </datafield>
    <datafield tag="500" ind1=" " ind2=" ">
      <subfield code="a">Aus: Atlas" k" Putešestviju Lejtenanta Kocebu Na Korablě Rjurikě V" Južnoe More I V" Beringov" Iroliv" / Otto von Kotzebue. - Titel oben rechts. - Maßstab in graph. Form (mil' Italianskich"). - Maßstab unten links. - Relief: Schraffen. - Mit 1 Profilansicht: Vid" Ostrovka A s" s"vero-Zapadnoj Storony v" razstojaniu 1/2 Ital. mili. - In kyrill. Schrift</subfield>
    </datafield>
    <datafield tag="520" ind1="3" ind2="#">
      <subfield code="a">Abschnitt der Beringstraße</subfield>
    </datafield>
    <datafield tag="650" ind1=" " ind2="4">
      <subfield code="a">Altkarte</subfield>
    </datafield>
    <datafield tag="650" ind1=" " ind2="4">
      <subfield code="a">Straße</subfield>
    </datafield>
    <datafield tag="651" ind1=" " ind2="4">
      <subfield code="a">Bering-Straße</subfield>
    </datafield>
    <datafield tag="700" ind1="2" ind2=" ">
      <subfield code="a">Kotzebue, Otto von</subfield>
    </datafield>
    <datafield tag="841" ind1=" " ind2=" ">
      <subfield code="a">em__</subfield>
      <subfield code="b">1816</subfield>
      <subfield code="c">3</subfield>
    </datafield>
    <datafield tag="852" ind1=" " ind2=" ">
      <subfield code="a">DE-185</subfield>
      <subfield code="c">Historische Abteilung</subfield>
      <subfield code="m">HK 1200 - 04</subfield>
      <subfield code="t">180475001</subfield>
    </datafield>
    <datafield tag="856" ind1=" " ind2=" ">
      <subfield code="a">https://ifl.wissensbank.com/fastlink.html?search=180475000</subfield>
      <subfield code="3">permalink</subfield>
    </datafield>
    <datafield tag="856" ind1=" " ind2=" ">
      <subfield code="a">https://ifl.wissensbank.com/cgi-bin/starfetch.exe?2dOVlj5bG.ScHO4xX2Bc6rShwQdwevZ2k9tBkbJtBaopDcFif@AWKr7QOms0XL3ZLQTM42VeGzIwkdqYJV6IOt6t9UJV28iLI2i4Bp27c9Hd385o55c8ar8VOce.77n07T39n4qoJBlNMYJGqFFvJA/HK1200%2e4.jpg</subfield>
      <subfield code="3">file</subfield>
    </datafield>
  </record>