
  <record>
    <leader>01250nem  22002893  4500</leader>
    <controlfield tag="001">180482000</controlfield>
    <controlfield tag="003">DE-185</controlfield>
    <controlfield tag="007">ta</controlfield>
    <controlfield tag="008">1817                             i|rus</controlfield>
    <datafield tag="041" ind1=" " ind2=" ">
      <subfield code="a">rus</subfield>
    </datafield>
    <datafield tag="084" ind1=" " ind2=" ">
      <subfield code="a">RL03 Pazifischer Ozean/Pazifischer Raum</subfield>
    </datafield>
    <datafield tag="225" ind1=" " ind2=" ">
      <subfield code="c">E 168°15'00"-E 173°21'00"/N 15°02'00"-N 7°57'00"</subfield>
    </datafield>
    <datafield tag="245" ind1="1" ind2="0">
      <subfield code="a">Merkatorskaja Karta Koral'nych" Ostrovov" Obretennych" Rjurikom"</subfield>
      <subfield code="b">Ležaščija meždu Širot" 8° i 12° N Dolgot" 189° i 191° W ot" Grinviča</subfield>
    </datafield>
    <datafield tag="260" ind1=" " ind2=" ">
      <subfield code="a">[St. Petersburg]</subfield>
      <subfield code="c">1817</subfield>
    </datafield>
    <datafield tag="300" ind1=" " ind2=" ">
      <subfield code="a">1 Kt.</subfield>
      <subfield code="b">unkolor.</subfield>
      <subfield code="c">56 x 79 cm</subfield>
    </datafield>
    <datafield tag="337" ind1=" " ind2=" ">
      <subfield code="a">Karte</subfield>
    </datafield>
    <datafield tag="500" ind1=" " ind2=" ">
      <subfield code="a">Aus: Atlas" k" Putešestviju Lejtenanta Kocebu Na Korablě Rjurikě V" Južnoe More I V" Beringov" Iroliv" / Otto von Kotzebue. - Titel unten links. - Ohne Maßstab. - Oben rechts: No. 12. - Ohne Relief. - In kyrill. Schrift. - Mit Gradangabe. - Mit 2 Nebenkt.: Ploskaja Karta Gruppy Koral'nych" Ostrovov" Markiza de Traverzě. Ploskaja Karta Gruppy Koral'nych" Ostrovov" Kruzenšterna. - Maßstab der Nebenkt. in graph. Form (Mil' Italianskich")</subfield>
    </datafield>
    <datafield tag="520" ind1="3" ind2="#">
      <subfield code="a">Abschnitt der Beringstraße</subfield>
    </datafield>
    <datafield tag="650" ind1=" " ind2="4">
      <subfield code="a">Altkarte</subfield>
    </datafield>
    <datafield tag="650" ind1=" " ind2="4">
      <subfield code="a">Straße</subfield>
    </datafield>
    <datafield tag="651" ind1=" " ind2="4">
      <subfield code="a">Bering-Straße</subfield>
    </datafield>
    <datafield tag="700" ind1="2" ind2=" ">
      <subfield code="a">Kotzebue, Otto von</subfield>
    </datafield>
    <datafield tag="841" ind1=" " ind2=" ">
      <subfield code="a">em__</subfield>
      <subfield code="b">1817</subfield>
      <subfield code="c">3</subfield>
    </datafield>
    <datafield tag="852" ind1=" " ind2=" ">
      <subfield code="a">DE-185</subfield>
      <subfield code="c">Historische Abteilung</subfield>
      <subfield code="m">HK 1200 - 11</subfield>
      <subfield code="t">180482001</subfield>
    </datafield>
    <datafield tag="856" ind1=" " ind2=" ">
      <subfield code="a">https://ifl.wissensbank.com/fastlink.html?search=180482000</subfield>
      <subfield code="3">permalink</subfield>
    </datafield>
    <datafield tag="856" ind1=" " ind2=" ">
      <subfield code="a">https://ifl.wissensbank.com/cgi-bin/starfetch.exe?r8H4jRncLVJBE5efoTg35vDTAjkyjP29NpU3UwjwkE.Wl1heme8PJ3TLuGYmpnboCnCdZ7sEk.vpHTZDNOASEstU9pI3BzXTtiOFk3sTGp5tSjhpEQ5eR9jqrB0rf4vQmY8SLVTdHshVlp12pewZYA/HK1200%2e11.jpg</subfield>
      <subfield code="3">file</subfield>
    </datafield>
  </record>