
  <record>
    <leader>01250nem  22002893  4500</leader>
    <controlfield tag="001">180488000</controlfield>
    <controlfield tag="003">DE-185</controlfield>
    <controlfield tag="007">ta</controlfield>
    <controlfield tag="008">1817                             i|rus</controlfield>
    <datafield tag="041" ind1=" " ind2=" ">
      <subfield code="a">rus</subfield>
    </datafield>
    <datafield tag="084" ind1=" " ind2=" ">
      <subfield code="a">RL03 Pazifischer Ozean/Pazifischer Raum</subfield>
    </datafield>
    <datafield tag="245" ind1="1" ind2="0">
      <subfield code="a">Ploskaja Karta južnoj časti berega Ostrova Vagi</subfield>
      <subfield code="b">Ot" mestečka Vajtiti do žemčužnoj &lt;Reki</subfield>
    </datafield>
    <datafield tag="260" ind1=" " ind2=" ">
      <subfield code="a">[St. Petersburg]</subfield>
      <subfield code="c">1817</subfield>
    </datafield>
    <datafield tag="300" ind1=" " ind2=" ">
      <subfield code="a">1 Kt.</subfield>
      <subfield code="b">unkolor.</subfield>
      <subfield code="c">63 x 45 cm</subfield>
    </datafield>
    <datafield tag="337" ind1=" " ind2=" ">
      <subfield code="a">Karte</subfield>
    </datafield>
    <datafield tag="500" ind1=" " ind2=" ">
      <subfield code="a">Aus: Atlas" k" Putešestviju Lejtenanta Kocebu Na Korablě Rjurikě V" Južnoe More I V" Beringov" Iroliv" / Otto von Kotzebue. - Titel unten rechts. - Maßstab in graph. Form (Verst" Rossijskich", Mil' Italianskich"). - Maßstab unten links. - Oben rechts: No. 18. - Relief in Schraffen. - In kyrill. Schrift</subfield>
    </datafield>
    <datafield tag="520" ind1="3" ind2="#">
      <subfield code="a">Abschnitt der Beringstraße</subfield>
    </datafield>
    <datafield tag="650" ind1=" " ind2="4">
      <subfield code="a">Altkarte</subfield>
    </datafield>
    <datafield tag="650" ind1=" " ind2="4">
      <subfield code="a">Straße</subfield>
    </datafield>
    <datafield tag="651" ind1=" " ind2="4">
      <subfield code="a">Bering-Straße</subfield>
    </datafield>
    <datafield tag="700" ind1="2" ind2=" ">
      <subfield code="a">Kotzebue, Otto von</subfield>
    </datafield>
    <datafield tag="841" ind1=" " ind2=" ">
      <subfield code="a">em__</subfield>
      <subfield code="b">1817</subfield>
      <subfield code="c">3</subfield>
    </datafield>
    <datafield tag="852" ind1=" " ind2=" ">
      <subfield code="a">DE-185</subfield>
      <subfield code="c">Historische Abteilung</subfield>
      <subfield code="m">HK 1200 - 17</subfield>
      <subfield code="t">180488001</subfield>
    </datafield>
    <datafield tag="856" ind1=" " ind2=" ">
      <subfield code="a">https://ifl.wissensbank.com/fastlink.html?search=180488000</subfield>
      <subfield code="3">permalink</subfield>
    </datafield>
    <datafield tag="856" ind1=" " ind2=" ">
      <subfield code="a">https://ifl.wissensbank.com/cgi-bin/starfetch.exe?7gGtG5j6W9pIRvveke.NDzCjU.Zlodr4@Tc3uWgnbVDEbgZKYsot@vNz51PnuvgcQO3JyCDZ0D1@uWMxPg5cBXGGKDkXnMNrnx.VUPXIftvApK3EAnbrFgaTdVB7HKfceaCZLH5S@Oq@ZBBbeO6Qxw/HK1200%2e17.jpg</subfield>
      <subfield code="3">file</subfield>
    </datafield>
  </record>