
  <record>
    <leader>01250nem  22002893  4500</leader>
    <controlfield tag="001">180491000</controlfield>
    <controlfield tag="003">DE-185</controlfield>
    <controlfield tag="007">ta</controlfield>
    <controlfield tag="008">1817                             i|rus</controlfield>
    <datafield tag="041" ind1=" " ind2=" ">
      <subfield code="a">rus</subfield>
    </datafield>
    <datafield tag="084" ind1=" " ind2=" ">
      <subfield code="a">RL03 Pazifischer Ozean/Pazifischer Raum</subfield>
    </datafield>
    <datafield tag="245" ind1="1" ind2="0">
      <subfield code="a">Ploskaja Karta NW. voj Časti Ostrova Guachama</subfield>
      <subfield code="b">S" priležaščej ej gavan'ju La-Kaldera-de-Apra, s" kotoroj širota 13.° 26.° 41.° N.aja dolgota 215.° 9.° 54.° W.vaja ot" Grinviča kreposti Santa-Kruza-de-los" Dolores" Sklon. sa 5.° 34. vostoč.</subfield>
    </datafield>
    <datafield tag="260" ind1=" " ind2=" ">
      <subfield code="a">[St. Petersburg]</subfield>
      <subfield code="c">1817</subfield>
    </datafield>
    <datafield tag="300" ind1=" " ind2=" ">
      <subfield code="a">1 Kt.</subfield>
      <subfield code="b">unkolor.</subfield>
      <subfield code="c">40 x 53 cm</subfield>
    </datafield>
    <datafield tag="337" ind1=" " ind2=" ">
      <subfield code="a">Karte</subfield>
    </datafield>
    <datafield tag="500" ind1=" " ind2=" ">
      <subfield code="a">Aus: Atlas" k" Putešestviju Lejtenanta Kocebu Na Korablě Rjurikě V" Južnoe More I V" Beringov" Iroliv" / Otto von Kotzebue. - Titel oben links. - Maßstab in graph. Form (Mil' Italianskich"). - Maßstab unten Mitte. - Relief in Schraffen. - In kyrill. Schrift</subfield>
    </datafield>
    <datafield tag="520" ind1="3" ind2="#">
      <subfield code="a">Abschnitt der Beringstraße</subfield>
    </datafield>
    <datafield tag="650" ind1=" " ind2="4">
      <subfield code="a">Altkarte</subfield>
    </datafield>
    <datafield tag="650" ind1=" " ind2="4">
      <subfield code="a">Straße</subfield>
    </datafield>
    <datafield tag="651" ind1=" " ind2="4">
      <subfield code="a">Bering-Straße</subfield>
    </datafield>
    <datafield tag="700" ind1="2" ind2=" ">
      <subfield code="a">Kotzebue, Otto von</subfield>
    </datafield>
    <datafield tag="841" ind1=" " ind2=" ">
      <subfield code="a">em__</subfield>
      <subfield code="b">1817</subfield>
      <subfield code="c">3</subfield>
    </datafield>
    <datafield tag="852" ind1=" " ind2=" ">
      <subfield code="a">DE-185</subfield>
      <subfield code="c">Historische Abteilung</subfield>
      <subfield code="m">HK 1200 - 20</subfield>
      <subfield code="t">180491001</subfield>
    </datafield>
    <datafield tag="856" ind1=" " ind2=" ">
      <subfield code="a">https://ifl.wissensbank.com/fastlink.html?search=180491000</subfield>
      <subfield code="3">permalink</subfield>
    </datafield>
    <datafield tag="856" ind1=" " ind2=" ">
      <subfield code="a">https://ifl.wissensbank.com/cgi-bin/starfetch.exe?ihZb1QUkgJBGmi9Gwe32p0Pk8NbDCSA.kchjIFJ2OzuQ3npr4Blx.A7mkUF4J5kDQc56x9jM9E1J4c60M7rp33I3QDKhujcnwEW3GGtQBN4.ir.j8KONWIYrR0M1aN3XWHoTFiAsCEKx7qeBshfoCQ/HK1200%2e20.jpg</subfield>
      <subfield code="3">file</subfield>
    </datafield>
  </record>