
  <record>
    <leader>01250nem  22002893  4500</leader>
    <controlfield tag="001">180502000</controlfield>
    <controlfield tag="003">DE-185</controlfield>
    <controlfield tag="007">ta</controlfield>
    <controlfield tag="008">1804                             i|ger</controlfield>
    <datafield tag="041" ind1=" " ind2=" ">
      <subfield code="a">ger</subfield>
    </datafield>
    <datafield tag="084" ind1=" " ind2=" ">
      <subfield code="a">RR Weltraum</subfield>
    </datafield>
    <datafield tag="245" ind1="1" ind2="0">
      <subfield code="a">Neue Him[m]elsbeschreibung oder Sehr leichte Methode die Sternbilder durch die äussere Gestalt der vornehmsten Sterne unter denselben ken[n]en zu lernen</subfield>
    </datafield>
    <datafield tag="260" ind1=" " ind2=" ">
      <subfield code="a">Augsburg</subfield>
      <subfield code="b">Walchscher Kunstverlag</subfield>
      <subfield code="c">1804</subfield>
    </datafield>
    <datafield tag="300" ind1=" " ind2=" ">
      <subfield code="a">3 Himmelskt. auf 1 Bl.</subfield>
      <subfield code="b">kolor.</subfield>
      <subfield code="c">59 x 46 cm</subfield>
    </datafield>
    <datafield tag="337" ind1=" " ind2=" ">
      <subfield code="a">Karte</subfield>
    </datafield>
    <datafield tag="500" ind1=" " ind2=" ">
      <subfield code="a">Titel oben Mitte. - Legende links Mitte. - Anmerkung in Mitte des Kt.-Bildes. - Mit 1 Nebenkt. d. Gestirne im Jahresverlauf</subfield>
    </datafield>
    <datafield tag="520" ind1="3" ind2="#">
      <subfield code="a">Himmelskt. in 2 Hemisphären</subfield>
    </datafield>
    <datafield tag="650" ind1=" " ind2="4">
      <subfield code="a">Altkarte</subfield>
    </datafield>
    <datafield tag="650" ind1=" " ind2="4">
      <subfield code="a">Astronomie</subfield>
    </datafield>
    <datafield tag="700" ind1="2" ind2=" ">
      <subfield code="a">Walch, Johannes</subfield>
    </datafield>
    <datafield tag="841" ind1=" " ind2=" ">
      <subfield code="a">em__</subfield>
      <subfield code="b">1804</subfield>
      <subfield code="c">3</subfield>
    </datafield>
    <datafield tag="852" ind1=" " ind2=" ">
      <subfield code="a">DE-185</subfield>
      <subfield code="c">Historische Abteilung</subfield>
      <subfield code="m">HK 1308</subfield>
      <subfield code="t">180502001</subfield>
    </datafield>
    <datafield tag="856" ind1=" " ind2=" ">
      <subfield code="a">https://ifl.wissensbank.com/fastlink.html?search=180502000</subfield>
      <subfield code="3">permalink</subfield>
    </datafield>
    <datafield tag="856" ind1=" " ind2=" ">
      <subfield code="a">https://ifl.wissensbank.com/cgi-bin/starfetch.exe?SjCDHP2mtqoDo0dS@@wRKQGYjMPCJfrLoqhpxjpqLarmj2FSQJOF6xKo@u3xyuQHSjBMGt923UnuGjr5nSSHdkkgRCWy52H3mXXu@P2ZfRbcj542NnBo@pQ22JGhILGmRbapQN7Stb9xwoXR18IQFQ/HK1308.jpg</subfield>
      <subfield code="3">file</subfield>
    </datafield>
  </record>