
  <record>
    <leader>01250nem  22002893  4500</leader>
    <controlfield tag="001">180567000</controlfield>
    <controlfield tag="003">DE-185</controlfield>
    <controlfield tag="007">ta</controlfield>
    <controlfield tag="008">1719                             i|fre</controlfield>
    <datafield tag="041" ind1=" " ind2=" ">
      <subfield code="a">fre</subfield>
    </datafield>
    <datafield tag="084" ind1=" " ind2=" ">
      <subfield code="a">RD04.18 Peru</subfield>
    </datafield>
    <datafield tag="225" ind1=" " ind2=" ">
      <subfield code="c">W 83°51'00"-W 60°33'00"/N 10°55'00"-S 26°23'00"</subfield>
    </datafield>
    <datafield tag="245" ind1="1" ind2="0">
      <subfield code="a">Carte Particuliere Du Perou, Plan De La Ville De Lima, Description De Quelques Plantes, Animaux, &amp; Machines Du Pays</subfield>
      <subfield code="b">l'Habillement des Hommes &amp; des Femmes Espagnoles qui y Demeurent</subfield>
    </datafield>
    <datafield tag="260" ind1=" " ind2=" ">
      <subfield code="a">[Amsterdam]</subfield>
      <subfield code="b">[L'Honoré &amp; Châtelain]</subfield>
      <subfield code="c">[1719]</subfield>
    </datafield>
    <datafield tag="300" ind1=" " ind2=" ">
      <subfield code="a">1 Kt. u. 1 Pl. auf 1 Bl.</subfield>
      <subfield code="b">unkolor.</subfield>
      <subfield code="c">38 x 49 cm</subfield>
    </datafield>
    <datafield tag="337" ind1=" " ind2=" ">
      <subfield code="a">Karte</subfield>
    </datafield>
    <datafield tag="500" ind1=" " ind2=" ">
      <subfield code="a">Aus: Chatelain, Henri A.: Atlas Historique, Ou Nouvelle Introduction A l'Histoire, à la Chronologie et à la Geographie Ancienne et Moderne / 6 ; 32 ; S. 134. - Kopftitel. - Mit 2 nichtkartogr. Darst. u. umfangr. Erl. - Zählung oben rechts: Tom. VI. No. 32. Pag. 134. - Ohne Kt.-Netz. - Ursprünglich 2 Bl., zusammengeklebt zu 1 Bl. - Relief: Einzelberge</subfield>
    </datafield>
    <datafield tag="520" ind1="3" ind2="#">
      <subfield code="a">Karte von Peru mit Flüssen, Städten etc. und Stadtplan von Lima</subfield>
    </datafield>
    <datafield tag="650" ind1=" " ind2="4">
      <subfield code="a">Altkarte</subfield>
    </datafield>
    <datafield tag="650" ind1=" " ind2="4">
      <subfield code="a">Landeskunde</subfield>
    </datafield>
    <datafield tag="650" ind1=" " ind2="4">
      <subfield code="a">Volkskunde</subfield>
    </datafield>
    <datafield tag="650" ind1=" " ind2="4">
      <subfield code="a">Stadtplan</subfield>
    </datafield>
    <datafield tag="651" ind1=" " ind2="4">
      <subfield code="a">Peru</subfield>
    </datafield>
    <datafield tag="651" ind1=" " ind2="4">
      <subfield code="a">Lima</subfield>
    </datafield>
    <datafield tag="653" ind1="1" ind2=" ">
      <subfield code="a">Kartenerläuterung</subfield>
    </datafield>
    <datafield tag="700" ind1="2" ind2=" ">
      <subfield code="a">Chatelain, Henri Abraham</subfield>
    </datafield>
    <datafield tag="700" ind1="2" ind2=" ">
      <subfield code="a">L'Honoré, François</subfield>
    </datafield>
    <datafield tag="841" ind1=" " ind2=" ">
      <subfield code="a">em__</subfield>
      <subfield code="b">1719</subfield>
      <subfield code="c">3</subfield>
    </datafield>
    <datafield tag="852" ind1=" " ind2=" ">
      <subfield code="a">DE-185</subfield>
      <subfield code="c">Historische Abteilung</subfield>
      <subfield code="m">HK 0618</subfield>
      <subfield code="t">180567001</subfield>
    </datafield>
    <datafield tag="856" ind1=" " ind2=" ">
      <subfield code="a">https://ifl.wissensbank.com/fastlink.html?search=180567000</subfield>
      <subfield code="3">permalink</subfield>
    </datafield>
    <datafield tag="856" ind1=" " ind2=" ">
      <subfield code="a">https://ifl.wissensbank.com/cgi-bin/starfetch.exe?TsB7i5oNN2P@vqTB9k7L0HIXbBmkOlHIshuf9V3PLaQu2WL34y5AFX872JeGSl2YWP6mvVOOD3CQXhL@xyZGmJlWI7LRQq3LlIHCo4hf9S.5jRUwEMYyo11eceneNssWy.x0v9pqMWA9l2iKHAuLZQ/HK%200618.jpg</subfield>
      <subfield code="3">file</subfield>
    </datafield>
  </record>