
  <record>
    <leader>01250nem  22002893  4500</leader>
    <controlfield tag="001">180568000</controlfield>
    <controlfield tag="003">DE-185</controlfield>
    <controlfield tag="007">ta</controlfield>
    <controlfield tag="008">1753                             i|ger</controlfield>
    <datafield tag="041" ind1=" " ind2=" ">
      <subfield code="a">ger</subfield>
    </datafield>
    <datafield tag="084" ind1=" " ind2=" ">
      <subfield code="a">RA05.01 Deutschland</subfield>
    </datafield>
    <datafield tag="225" ind1=" " ind2=" ">
      <subfield code="c">E 7°18'00"-E 10°58'00"/N 49°20'00"-N 47°17'00"</subfield>
    </datafield>
    <datafield tag="245" ind1="1" ind2="0">
      <subfield code="a">Circulus Svevicus</subfield>
      <subfield code="c">per Chr. Weigelium Norib. M. Kauffer sc.</subfield>
    </datafield>
    <datafield tag="260" ind1=" " ind2=" ">
      <subfield code="a">Norib.</subfield>
      <subfield code="c">[nach 1753]</subfield>
    </datafield>
    <datafield tag="300" ind1=" " ind2=" ">
      <subfield code="a">1 Kt.</subfield>
      <subfield code="b">kolor.</subfield>
      <subfield code="c">38 x 32 cm</subfield>
    </datafield>
    <datafield tag="337" ind1=" " ind2=" ">
      <subfield code="a">Karte</subfield>
    </datafield>
    <datafield tag="500" ind1=" " ind2=" ">
      <subfield code="a">Vermutlich aus: Atlas Scholasticus et Itinerarius : Cum Privilegio Sacrae Caesarae Majestatis / Cura Jo. Davidis Koeleri Hist. et Polit. PP. Altdorfini, a Christophoro Weigelio, Norimbergensi excusus ; 41. - Maßstab in graph. Form (Gemeine Teutsche Meÿlen, Frantzl. Meylen, oder gantze Stunden). - Titelkartusche oben links. - Relief: Einzelberge</subfield>
    </datafield>
    <datafield tag="520" ind1="3" ind2="#">
      <subfield code="a">Schwäbischer Reichskreis mit Städten, Flüssen, Gebirgen etc.</subfield>
    </datafield>
    <datafield tag="650" ind1=" " ind2="4">
      <subfield code="a">Altkarte</subfield>
    </datafield>
    <datafield tag="650" ind1=" " ind2="4">
      <subfield code="a">Politische Karte</subfield>
    </datafield>
    <datafield tag="651" ind1=" " ind2="4">
      <subfield code="a">Deutschland</subfield>
    </datafield>
    <datafield tag="651" ind1=" " ind2="4">
      <subfield code="a">Baden-Württemberg</subfield>
    </datafield>
    <datafield tag="700" ind1="2" ind2=" ">
      <subfield code="a">Kauffer, Michael</subfield>
    </datafield>
    <datafield tag="700" ind1="2" ind2=" ">
      <subfield code="a">Weigel, Christoph (d. J.)</subfield>
    </datafield>
    <datafield tag="841" ind1=" " ind2=" ">
      <subfield code="a">em__</subfield>
      <subfield code="b">1753</subfield>
      <subfield code="c">3</subfield>
    </datafield>
    <datafield tag="852" ind1=" " ind2=" ">
      <subfield code="a">DE-185</subfield>
      <subfield code="c">Historische Abteilung</subfield>
      <subfield code="m">HK 0616</subfield>
      <subfield code="t">180568001</subfield>
    </datafield>
    <datafield tag="856" ind1=" " ind2=" ">
      <subfield code="a">https://ifl.wissensbank.com/fastlink.html?search=180568000</subfield>
      <subfield code="3">permalink</subfield>
    </datafield>
    <datafield tag="856" ind1=" " ind2=" ">
      <subfield code="a">https://ifl.wissensbank.com/cgi-bin/starfetch.exe?vjuN6GV2LsgKjRAp37UapTZKXEI7KNE1nfp1oT2oU18p4F5dlZxu5bJx5ZG2EA4JSoUR.t2jPVsikUgMdHWQe1H2Y2cUEes0sAcxI5wbtPrLNAhTvQA9mX8ufuU5@QugBkUUKHthd6gq8FAu97o2PA/HK%200616.jpg</subfield>
      <subfield code="3">file</subfield>
    </datafield>
  </record>