
  <record>
    <leader>01250nem  22002893  4500</leader>
    <controlfield tag="001">180569000</controlfield>
    <controlfield tag="003">DE-185</controlfield>
    <controlfield tag="007">ta</controlfield>
    <controlfield tag="008">1833                             i|ger</controlfield>
    <datafield tag="041" ind1=" " ind2=" ">
      <subfield code="a">ger</subfield>
    </datafield>
    <datafield tag="084" ind1=" " ind2=" ">
      <subfield code="a">RH02.01 Himalaya-Region</subfield>
    </datafield>
    <datafield tag="225" ind1=" " ind2=" ">
      <subfield code="a">1:900.000</subfield>
      <subfield code="c">E 76°36'00"-E 81°41'00"/N 32°17'00"-N 28°57'00"</subfield>
    </datafield>
    <datafield tag="245" ind1="1" ind2="0">
      <subfield code="a">Das Himálaja-Gebirg In Bissahir, Gherwal &amp; Kemaun, vom Südrande des Plateaus von Mittel-Tibet bis zum Tieflande von Hindostan</subfield>
      <subfield code="b">Mit besonderer Rücksicht auf Carl Ritter's Allgemeine Erdkunde, II. Buch, Th. 2, S. 493, auch S. 660 ff.</subfield>
      <subfield code="c">entworfen und bearbeitet von J. L. Grimm, herausgegeben von C. Ritter Und F. A. O'Etzel. Gest. von W. Scharrer u. E. Todt</subfield>
    </datafield>
    <datafield tag="260" ind1=" " ind2=" ">
      <subfield code="a">Berlin</subfield>
      <subfield code="b">Geographisches Verlags-Comtoir</subfield>
      <subfield code="c">1833</subfield>
    </datafield>
    <datafield tag="300" ind1=" " ind2=" ">
      <subfield code="a">1 Kt.</subfield>
      <subfield code="b">Grenzen kolor.</subfield>
      <subfield code="c">55 x 42 cm</subfield>
    </datafield>
    <datafield tag="337" ind1=" " ind2=" ">
      <subfield code="a">Karte</subfield>
    </datafield>
    <datafield tag="500" ind1=" " ind2=" ">
      <subfield code="a">Nullmeridian: Greenwich, Paris. - Titel unten links. - Erkl. der Zeichen oben links. - Mit Höhenangaben. - Relief: Schraffen</subfield>
    </datafield>
    <datafield tag="520" ind1="3" ind2="#">
      <subfield code="a">Reisewegekarte des Himalaya</subfield>
    </datafield>
    <datafield tag="650" ind1=" " ind2="4">
      <subfield code="a">Altkarte</subfield>
    </datafield>
    <datafield tag="650" ind1=" " ind2="4">
      <subfield code="a">Hochgebirge</subfield>
    </datafield>
    <datafield tag="651" ind1=" " ind2="4">
      <subfield code="a">Himalaya</subfield>
    </datafield>
    <datafield tag="700" ind1="2" ind2=" ">
      <subfield code="a">Grimm, Julius Ludwig</subfield>
    </datafield>
    <datafield tag="700" ind1="2" ind2=" ">
      <subfield code="a">Scharrer, Wilhelm</subfield>
    </datafield>
    <datafield tag="700" ind1="2" ind2=" ">
      <subfield code="a">Todt, E.</subfield>
    </datafield>
    <datafield tag="700" ind1="2" ind2=" ">
      <subfield code="a">Ritter, Carl</subfield>
    </datafield>
    <datafield tag="700" ind1="2" ind2=" ">
      <subfield code="a">Etzel, Franz August von</subfield>
    </datafield>
    <datafield tag="841" ind1=" " ind2=" ">
      <subfield code="a">em__</subfield>
      <subfield code="b">1833</subfield>
      <subfield code="c">3</subfield>
    </datafield>
    <datafield tag="852" ind1=" " ind2=" ">
      <subfield code="a">DE-185</subfield>
      <subfield code="c">Historische Abteilung</subfield>
      <subfield code="m">HK 0614</subfield>
      <subfield code="t">180569001</subfield>
    </datafield>
    <datafield tag="856" ind1=" " ind2=" ">
      <subfield code="a">https://ifl.wissensbank.com/fastlink.html?search=180569000</subfield>
      <subfield code="3">permalink</subfield>
    </datafield>
    <datafield tag="856" ind1=" " ind2=" ">
      <subfield code="a">https://ifl.wissensbank.com/cgi-bin/starfetch.exe?KmSF2fg4sX0CLEZ3LO4Y4@14us1dTS5uhvEDXorRZKmXX2JWksy4MqJQgSjJZ1eB8q9WUuRJkyQFB6TZIeimAijabdTZVf1dlvvTDcx24gYTknMfKaY1S0njtPP99NyyWMbOe5rEq286dyHem@WshA/HK%200614.jpg</subfield>
      <subfield code="3">file</subfield>
    </datafield>
  </record>