
  <record>
    <leader>01250nem  22002893  4500</leader>
    <controlfield tag="001">180570000</controlfield>
    <controlfield tag="003">DE-185</controlfield>
    <controlfield tag="007">ta</controlfield>
    <controlfield tag="008">1812                             i|ger</controlfield>
    <datafield tag="041" ind1=" " ind2=" ">
      <subfield code="a">ger</subfield>
    </datafield>
    <datafield tag="084" ind1=" " ind2=" ">
      <subfield code="a">RA05.01 Deutschland</subfield>
    </datafield>
    <datafield tag="225" ind1=" " ind2=" ">
      <subfield code="c">E 10°40'00"-E 15°00'00"/N 52°32'00"-N 50°03'00"</subfield>
    </datafield>
    <datafield tag="245" ind1="1" ind2="0">
      <subfield code="a">Topographisch-militairischer Atlas von dem Koenigreiche Sachsen und den Besitzungen der Fürsten von Anhalt in 27 Blaettern</subfield>
      <subfield code="c">nach den besten Hülfsmitteln entworfen von F. W. Streit Herzogl. Saech. Hauptmann</subfield>
    </datafield>
    <datafield tag="260" ind1=" " ind2=" ">
      <subfield code="a">Weimar</subfield>
      <subfield code="b">Geographisches Institut</subfield>
      <subfield code="c">1812</subfield>
    </datafield>
    <datafield tag="300" ind1=" " ind2=" ">
      <subfield code="a">1 Kt. [auf 27 Bl.]</subfield>
      <subfield code="b">unkolor.</subfield>
      <subfield code="c">39 x 29 cm</subfield>
    </datafield>
    <datafield tag="337" ind1=" " ind2=" ">
      <subfield code="a">Karte</subfield>
    </datafield>
    <datafield tag="500" ind1=" " ind2=" ">
      <subfield code="a">Nur Titelbl. vorhanden. - Maßstab in graph. Form (Zweÿ geographische Meilen). - Erkl. der Farben und Maßstab oben links. - Erkl. der Zeichen oben rechts</subfield>
    </datafield>
    <datafield tag="520" ind1="3" ind2="#">
      <subfield code="a">Königreich Sachsen</subfield>
    </datafield>
    <datafield tag="650" ind1=" " ind2="4">
      <subfield code="a">Altkarte</subfield>
    </datafield>
    <datafield tag="650" ind1=" " ind2="4">
      <subfield code="a">Militärkartographie</subfield>
    </datafield>
    <datafield tag="651" ind1=" " ind2="4">
      <subfield code="a">Deutschland</subfield>
    </datafield>
    <datafield tag="651" ind1=" " ind2="4">
      <subfield code="a">Sachsen</subfield>
    </datafield>
    <datafield tag="700" ind1="2" ind2=" ">
      <subfield code="a">Streit, Friedrich Wilhelm</subfield>
    </datafield>
    <datafield tag="841" ind1=" " ind2=" ">
      <subfield code="a">em__</subfield>
      <subfield code="b">1812</subfield>
      <subfield code="c">3</subfield>
    </datafield>
    <datafield tag="852" ind1=" " ind2=" ">
      <subfield code="a">DE-185</subfield>
      <subfield code="c">Historische Abteilung</subfield>
      <subfield code="m">HK 0624</subfield>
      <subfield code="t">180570001</subfield>
    </datafield>
    <datafield tag="856" ind1=" " ind2=" ">
      <subfield code="a">https://ifl.wissensbank.com/fastlink.html?search=180570000</subfield>
      <subfield code="3">permalink</subfield>
    </datafield>
    <datafield tag="856" ind1=" " ind2=" ">
      <subfield code="a">https://ifl.wissensbank.com/cgi-bin/starfetch.exe?q3fzXhe3aI.Ch@hGYvBt0S4HNffcJrruacFPBCHGVanaJaP0x6ZyqJLkaOc2dNNpjc0RlTiXEZ6LDAnb3kQuntq41RNZh@8lO3FYfM7@xnHWFs9vk@uk.MCv4f.wSXwPKwTrkF2y5Rz9wsT9yrAXMg/HK%200624.jpg</subfield>
      <subfield code="3">file</subfield>
    </datafield>
  </record>