
  <record>
    <leader>01250nem  22002893  4500</leader>
    <controlfield tag="001">180571000</controlfield>
    <controlfield tag="003">DE-185</controlfield>
    <controlfield tag="007">ta</controlfield>
    <controlfield tag="008">1793                             i|fre</controlfield>
    <datafield tag="041" ind1=" " ind2=" ">
      <subfield code="a">fre</subfield>
    </datafield>
    <datafield tag="084" ind1=" " ind2=" ">
      <subfield code="a">RA04.01 Irland</subfield>
    </datafield>
    <datafield tag="225" ind1=" " ind2=" ">
      <subfield code="c">W 10°28'00"-W 4°51'00"/N 55°26'00"-N 53°17'00"</subfield>
    </datafield>
    <datafield tag="245" ind1="1" ind2="0">
      <subfield code="a">Carte De L'Irlande</subfield>
      <subfield code="b">divisée en Provinces et Comtés Sur laquelle on trouve les Grands-Chemins, les Chemins de traverse et les distances en Milles Anglais et huitiemes de mille, entre les Villes et les lieux de Poste</subfield>
      <subfield code="c">Gravée au Dépôt Général de la Guerre en Ventose An XII, d'Après celle d'Alexandre Taylor, Publiée à Londres en 1793</subfield>
    </datafield>
    <datafield tag="260" ind1=" " ind2=" ">
      <subfield code="a">Londres</subfield>
      <subfield code="c">1793</subfield>
    </datafield>
    <datafield tag="300" ind1=" " ind2=" ">
      <subfield code="a">1 Kt. [auf 2 Bl.]</subfield>
      <subfield code="b">unkolor.</subfield>
      <subfield code="c">59 x 36 cm</subfield>
    </datafield>
    <datafield tag="337" ind1=" " ind2=" ">
      <subfield code="a">Karte</subfield>
    </datafield>
    <datafield tag="500" ind1=" " ind2=" ">
      <subfield code="a">Vermutlich ursprünglich auf 2 Bl., nur oberer Teil vorhanden. - Titel oben links. - Legende unten rechts. - Relief: Schraffen</subfield>
    </datafield>
    <datafield tag="520" ind1="3" ind2="#">
      <subfield code="a">Obere Hälfte von Irland mit Städten, Gebirgen etc.</subfield>
    </datafield>
    <datafield tag="650" ind1=" " ind2="4">
      <subfield code="a">Altkarte</subfield>
    </datafield>
    <datafield tag="650" ind1=" " ind2="4">
      <subfield code="a">Physische Karte</subfield>
    </datafield>
    <datafield tag="651" ind1=" " ind2="4">
      <subfield code="a">Irland</subfield>
    </datafield>
    <datafield tag="700" ind1="2" ind2=" ">
      <subfield code="a">Taylor, Alexander</subfield>
    </datafield>
    <datafield tag="841" ind1=" " ind2=" ">
      <subfield code="a">em__</subfield>
      <subfield code="b">1793</subfield>
      <subfield code="c">3</subfield>
    </datafield>
    <datafield tag="852" ind1=" " ind2=" ">
      <subfield code="a">DE-185</subfield>
      <subfield code="c">Historische Abteilung</subfield>
      <subfield code="m">HK 0626</subfield>
      <subfield code="t">180571001</subfield>
    </datafield>
    <datafield tag="856" ind1=" " ind2=" ">
      <subfield code="a">https://ifl.wissensbank.com/fastlink.html?search=180571000</subfield>
      <subfield code="3">permalink</subfield>
    </datafield>
    <datafield tag="856" ind1=" " ind2=" ">
      <subfield code="a">https://ifl.wissensbank.com/cgi-bin/starfetch.exe?dCOL088rnWfigZbdmPHz7lyMDjnEU5dok@@APDukGAiXAk3.HwJ434QF0cTT64hZWsDGk.d3myCHZ6RiHMz01t5.BjaCfkMbGoYB3e2xIEKxbvnVNY6hKI7ayjLjsRI5@iktP2xbZ88OQixOyOS8dQ/HK%200626.jpg</subfield>
      <subfield code="3">file</subfield>
    </datafield>
  </record>