
  <record>
    <leader>01250nem  22002893  4500</leader>
    <controlfield tag="001">238454000</controlfield>
    <controlfield tag="003">DE-185</controlfield>
    <controlfield tag="007">ta</controlfield>
    <controlfield tag="008">1872                             i|fre</controlfield>
    <datafield tag="041" ind1=" " ind2=" ">
      <subfield code="a">fre</subfield>
    </datafield>
    <datafield tag="084" ind1=" " ind2=" ">
      <subfield code="a">RD05 Andere Länder/Gebiete Lateinamerikas</subfield>
    </datafield>
    <datafield tag="225" ind1=" " ind2=" ">
      <subfield code="c">W 58°44'00"-W 53°42'00"/S 33°50'00"-S 36°31'00"</subfield>
    </datafield>
    <datafield tag="245" ind1="1" ind2="0">
      <subfield code="a">Carte Du Rio De La Plata</subfield>
      <subfield code="b">(Amérique Méridionale) ; Dressée d'aprês les documents les plus récents et les travaux faits à bord du Bisson (en 1857-58 et 59)</subfield>
      <subfield code="c">Par Mr. E. Mouchez, Capitaine de Frégate. Publiée Par Ordre De L'Empereur, Sous le Ministère de Son Excellence Mr. le C.te de Chasseloup-Laubat, Sénateur, Secrétaire d'Etat au Dep.t de la Marine et des Colonies, Au Dépôt des Cartes et Plans de la Marine en 1862. Gravé par Ch. Dyonnet. Ecrit par V. Carré</subfield>
    </datafield>
    <datafield tag="250" ind1=" " ind2=" ">
      <subfield code="a">Corrections secondaires en Juillet 1872</subfield>
    </datafield>
    <datafield tag="260" ind1=" " ind2=" ">
      <subfield code="a">[Paris]</subfield>
      <subfield code="c">1872</subfield>
    </datafield>
    <datafield tag="300" ind1=" " ind2=" ">
      <subfield code="a">1 Kt.</subfield>
      <subfield code="b">teilw. kolor.</subfield>
      <subfield code="c">89 x 59 cm</subfield>
    </datafield>
    <datafield tag="337" ind1=" " ind2=" ">
      <subfield code="a">Karte</subfield>
    </datafield>
    <datafield tag="500" ind1=" " ind2=" ">
      <subfield code="a">Ohne Maßstab. - Titel u. Anmerkung unten links. - Oben rechts: No. 1959. - Relief: Schraffen. - Mit Tiefenangaben</subfield>
    </datafield>
    <datafield tag="520" ind1="3" ind2="#">
      <subfield code="a">Der Río de la Plata mit Tiefenangaben</subfield>
    </datafield>
    <datafield tag="541" ind1=" " ind2=" ">
      <subfield code="a">Collection Alphons Stübel</subfield>
    </datafield>
    <datafield tag="562" ind1=" " ind2=" ">
      <subfield code="a">Nummer aus Altbestand</subfield>
      <subfield code="b">SAm 7b/1</subfield>
    </datafield>
    <datafield tag="650" ind1=" " ind2="4">
      <subfield code="a">Altkarte</subfield>
    </datafield>
    <datafield tag="650" ind1=" " ind2="4">
      <subfield code="a">Gewässerkarte</subfield>
    </datafield>
    <datafield tag="650" ind1=" " ind2="4">
      <subfield code="a">Fluss</subfield>
    </datafield>
    <datafield tag="650" ind1=" " ind2="4">
      <subfield code="a">Mündung</subfield>
    </datafield>
    <datafield tag="651" ind1=" " ind2="4">
      <subfield code="a">Rio de la Plata</subfield>
    </datafield>
    <datafield tag="700" ind1="2" ind2=" ">
      <subfield code="a">Mouchez, Amédée Ernest Barthélemy</subfield>
    </datafield>
    <datafield tag="700" ind1="2" ind2=" ">
      <subfield code="a">Chasseloup-Laubat, Prosper de</subfield>
    </datafield>
    <datafield tag="700" ind1="2" ind2=" ">
      <subfield code="a">Dyonnet, Charles</subfield>
    </datafield>
    <datafield tag="700" ind1="2" ind2=" ">
      <subfield code="a">Carré, V.</subfield>
    </datafield>
    <datafield tag="841" ind1=" " ind2=" ">
      <subfield code="a">em__</subfield>
      <subfield code="b">1872</subfield>
      <subfield code="c">3</subfield>
    </datafield>
    <datafield tag="852" ind1=" " ind2=" ">
      <subfield code="a">DE-185</subfield>
      <subfield code="c">Historische Abteilung</subfield>
      <subfield code="m">HK 1537</subfield>
      <subfield code="t">238454001</subfield>
    </datafield>
    <datafield tag="856" ind1=" " ind2=" ">
      <subfield code="a">https://ifl.wissensbank.com/fastlink.html?search=238454000</subfield>
      <subfield code="3">permalink</subfield>
    </datafield>
    <datafield tag="856" ind1=" " ind2=" ">
      <subfield code="a">https://ifl.wissensbank.com/cgi-bin/starfetch.exe?Gy4NkC@TlNsd6p@RTfZwhqJv7l40W7X74IO2Oimp4spFDCwZ1h70fo75rn1D02@P5ELJRwwYICwW39QCTTeDFoatYY2nWj.AS6tCyMylFfsI0YKyUBdJoWzH.BXe09U0YJ7LBTGCBt4IWQDop47RLw/HK1537.jpg</subfield>
      <subfield code="3">file</subfield>
    </datafield>
  </record>