
  <record>
    <leader>01250nem  22002893  4500</leader>
    <controlfield tag="001">237536000</controlfield>
    <controlfield tag="003">DE-185</controlfield>
    <controlfield tag="007">ta</controlfield>
    <controlfield tag="008">1863                             i|ger</controlfield>
    <datafield tag="041" ind1=" " ind2=" ">
      <subfield code="a">ger</subfield>
    </datafield>
    <datafield tag="084" ind1=" " ind2=" ">
      <subfield code="a">RA05.01 Deutschland</subfield>
    </datafield>
    <datafield tag="225" ind1=" " ind2=" ">
      <subfield code="a">1 : 200 000</subfield>
      <subfield code="c">E 8°36'00"-E 9°50'00"/N 49°05'00"-N 48°17'00"</subfield>
    </datafield>
    <datafield tag="245" ind1="1" ind2="0">
      <subfield code="a">Uebersichts-Karte von dem Grossherzogthum Baden Nebst Theilen Der Angrenzenden Laender</subfield>
      <subfield code="c">Lithographirt auf dem Bureau der topographischen Abtheilung des Grossh. Generalstabs, Gebirg durch Stabsguide L. Krieg, Schrift und Detail durch F. Crecelius</subfield>
      <subfield code="n">4</subfield>
      <subfield code="p">Pforzheim</subfield>
      <subfield code="Q">HE</subfield>
    </datafield>
    <datafield tag="260" ind1=" " ind2=" ">
      <subfield code="a">Carlsruhe</subfield>
      <subfield code="b">Chr. Fr. Müller'sche Lith. Anst.</subfield>
      <subfield code="c">1863</subfield>
    </datafield>
    <datafield tag="300" ind1=" " ind2=" ">
      <subfield code="a">1 Kt.</subfield>
      <subfield code="b">unkolor.</subfield>
      <subfield code="c">45 x 45 cm</subfield>
    </datafield>
    <datafield tag="337" ind1=" " ind2=" ">
      <subfield code="a">Karte</subfield>
    </datafield>
    <datafield tag="500" ind1=" " ind2=" ">
      <subfield code="a">Maßstab in graph. Form (geometrische Badische Wegstunden, geographische Meilen). - Titel oberhalb des Kt.-Feldes. - Maßstab unterhalb des Kt.-Feldes. - Relief: Schraffen. - Oben rechts: Bl. 4</subfield>
    </datafield>
    <datafield tag="520" ind1="3" ind2="#">
      <subfield code="a">Östliche Umgebung von Pforzheim mit weiteren Städten wie Stuttgart, Rottenburg, Blaubeuren etc.</subfield>
    </datafield>
    <datafield tag="650" ind1=" " ind2="4">
      <subfield code="a">Altkarte</subfield>
    </datafield>
    <datafield tag="651" ind1=" " ind2="4">
      <subfield code="a">Deutschland</subfield>
    </datafield>
    <datafield tag="651" ind1=" " ind2="4">
      <subfield code="a">Baden</subfield>
    </datafield>
    <datafield tag="651" ind1=" " ind2="4">
      <subfield code="a">Pforzheim (reg.)</subfield>
    </datafield>
    <datafield tag="700" ind1="2" ind2=" ">
      <subfield code="a">Krieg, L.</subfield>
    </datafield>
    <datafield tag="700" ind1="2" ind2=" ">
      <subfield code="a">Crecelius, F.</subfield>
    </datafield>
    <datafield tag="773" ind1="1" ind2="8">
      <subfield code="w">(IFL)237534000</subfield>
    </datafield>
    <datafield tag="841" ind1=" " ind2=" ">
      <subfield code="a">em__</subfield>
      <subfield code="b">1863</subfield>
      <subfield code="c">3</subfield>
    </datafield>
    <datafield tag="852" ind1=" " ind2=" ">
      <subfield code="a">DE-185</subfield>
      <subfield code="c">Historische Abteilung</subfield>
      <subfield code="m">HK 1060 - 04</subfield>
      <subfield code="t">237536001</subfield>
    </datafield>
    <datafield tag="856" ind1=" " ind2=" ">
      <subfield code="a">https://ifl.wissensbank.com/fastlink.html?search=237536000</subfield>
      <subfield code="3">permalink</subfield>
    </datafield>
    <datafield tag="856" ind1=" " ind2=" ">
      <subfield code="a">https://ifl.wissensbank.com/cgi-bin/starfetch.exe?V1JSSmFGNWu2xrkZxQA2Tlc4i8icqSqaqKPQUhUwrgIw6l6zHc2UM.AfvoKk0X@dDOVDK4yKzdJh2KeUMXleD2zMPDPT2@Oy0Q.2gckYqGxiuTFs8mocBOAGDKYysF2KK3XNbGB9E48blgvp84H07A/HK1060%2e2.jpg</subfield>
      <subfield code="3">file</subfield>
    </datafield>
  </record>