
  <record>
    <leader>01250nem  22002893  4500</leader>
    <controlfield tag="001">237535000</controlfield>
    <controlfield tag="003">DE-185</controlfield>
    <controlfield tag="007">ta</controlfield>
    <controlfield tag="008">1861                             i|ger</controlfield>
    <datafield tag="041" ind1=" " ind2=" ">
      <subfield code="a">ger</subfield>
    </datafield>
    <datafield tag="084" ind1=" " ind2=" ">
      <subfield code="a">RA05.01 Deutschland</subfield>
    </datafield>
    <datafield tag="225" ind1=" " ind2=" ">
      <subfield code="a">1 : 200 000</subfield>
      <subfield code="c">E 7°19'00"-E 8°35'00"/N 49°59'00"-N 49°04'00"</subfield>
    </datafield>
    <datafield tag="245" ind1="1" ind2="0">
      <subfield code="a">Uebersichts-Karte von dem Grossherzogthum Baden Nebst Theilen Der Angrenzenden Laender</subfield>
      <subfield code="c">Lithographirt auf dem Bureau der topographischen Abtheilung des Grossh. Generalstabs durch Stabsguide L. Krieg</subfield>
      <subfield code="n">1</subfield>
      <subfield code="p">Mannheim</subfield>
      <subfield code="Q">HE</subfield>
    </datafield>
    <datafield tag="260" ind1=" " ind2=" ">
      <subfield code="a">Carlsruhe</subfield>
      <subfield code="b">Chr. Fr. Müller'sche Lith. Anst.</subfield>
      <subfield code="c">1861</subfield>
    </datafield>
    <datafield tag="300" ind1=" " ind2=" ">
      <subfield code="a">1 Kt.</subfield>
      <subfield code="b">unkolor.</subfield>
      <subfield code="c">45 x 45 cm</subfield>
    </datafield>
    <datafield tag="337" ind1=" " ind2=" ">
      <subfield code="a">Karte</subfield>
    </datafield>
    <datafield tag="500" ind1=" " ind2=" ">
      <subfield code="a">Maßstab in graph. Form (geometrische Badische Wegstunden, geographische Meilen). - Titel oberhalb des Kt.-Feldes. - Maßstab unterhalb des Kt.-Feldes. - Relief: Schraffen. - Oben rechts: Bl. 1</subfield>
    </datafield>
    <datafield tag="520" ind1="3" ind2="#">
      <subfield code="a">Westliche Umgebung von Mannheim mit weiteren Städten wie Kaiserslautern, Landau etc.</subfield>
    </datafield>
    <datafield tag="650" ind1=" " ind2="4">
      <subfield code="a">Altkarte</subfield>
    </datafield>
    <datafield tag="651" ind1=" " ind2="4">
      <subfield code="a">Deutschland</subfield>
    </datafield>
    <datafield tag="651" ind1=" " ind2="4">
      <subfield code="a">Baden</subfield>
    </datafield>
    <datafield tag="651" ind1=" " ind2="4">
      <subfield code="a">Mannheim (reg.)</subfield>
    </datafield>
    <datafield tag="651" ind1=" " ind2="4">
      <subfield code="a">Pfalz</subfield>
    </datafield>
    <datafield tag="700" ind1="2" ind2=" ">
      <subfield code="a">Krieg, L.</subfield>
    </datafield>
    <datafield tag="773" ind1="1" ind2="8">
      <subfield code="w">(IFL)237534000</subfield>
    </datafield>
    <datafield tag="841" ind1=" " ind2=" ">
      <subfield code="a">em__</subfield>
      <subfield code="b">1861</subfield>
      <subfield code="c">3</subfield>
    </datafield>
    <datafield tag="852" ind1=" " ind2=" ">
      <subfield code="a">DE-185</subfield>
      <subfield code="c">Historische Abteilung</subfield>
      <subfield code="m">HK 1060 - 01</subfield>
      <subfield code="t">237535001</subfield>
    </datafield>
    <datafield tag="856" ind1=" " ind2=" ">
      <subfield code="a">https://ifl.wissensbank.com/fastlink.html?search=237535000</subfield>
      <subfield code="3">permalink</subfield>
    </datafield>
    <datafield tag="856" ind1=" " ind2=" ">
      <subfield code="a">https://ifl.wissensbank.com/cgi-bin/starfetch.exe?SuuXgGg2zOgifmF5.swC5mLI1JJNeFHaF9acyZXQGvNNcm9QRy.VL8B9Anm5y8TxMQneQeygx.JALgLQt@@CtFLPMvV9pyDY7gYd8fs6WgV638M3Q6cQPP5LZpRr4MqAz9DNW1K29VIp.mSfFqe1GA/HK1060%2e1.jpg</subfield>
      <subfield code="3">file</subfield>
    </datafield>
  </record>