
  <record>
    <leader>01250nem  22002893  4500</leader>
    <controlfield tag="001">236065000</controlfield>
    <controlfield tag="003">DE-185</controlfield>
    <controlfield tag="007">ta</controlfield>
    <controlfield tag="008">1750                             i|ger</controlfield>
    <datafield tag="041" ind1=" " ind2=" ">
      <subfield code="a">ger</subfield>
    </datafield>
    <datafield tag="084" ind1=" " ind2=" ">
      <subfield code="a">RQ Weltweit</subfield>
    </datafield>
    <datafield tag="245" ind1="1" ind2="0">
      <subfield code="a">Orbis in Tabula, d. i. Geographische Universal-Karte</subfield>
      <subfield code="b">I. Theil, Vorstellend auf einem einzigen Blat, ausgenommen Teutschland, alle Theile, Reiche, Staaten und vornehmste Örter der gantzen Welt, nebst Anzeigung eines jeden Religion, Herrschafft, Flüsse, auch Lat. Benennung, it. ob es grosse oder geringe Staedte, Residenzen, Vestungen, Universitaeten, Handels-Örter, Baeder, Seehafen und andren Histor. Merckwürdigkeiten; als ein Kurtzer doch hinlänglicher Auszug aus den neuesten Geographis u. zum Theil auch den Hasischen Mappen, zum Gebrauch der ordent. Land-Karten u. der wochentl. Zeitungen</subfield>
      <subfield code="c">entworfen von Iohann Gottfried Grossen u. zum Stich befördert von den Homaennischen Erben</subfield>
    </datafield>
    <datafield tag="260" ind1=" " ind2=" ">
      <subfield code="a">Nürnberg</subfield>
      <subfield code="b">Homaennische Erben</subfield>
      <subfield code="c">[nach 1750]</subfield>
    </datafield>
    <datafield tag="300" ind1=" " ind2=" ">
      <subfield code="a">1 Bl.</subfield>
      <subfield code="b">kolor.</subfield>
      <subfield code="c">55 x 48 cm</subfield>
    </datafield>
    <datafield tag="337" ind1=" " ind2=" ">
      <subfield code="a">Karte</subfield>
    </datafield>
    <datafield tag="500" ind1=" " ind2=" ">
      <subfield code="a">Titel u. Parallelt. oben. - 2. Teil: Orbis in Tabula Pars Secunda / Johann Gottfried Groß (HK 0697)</subfield>
    </datafield>
    <datafield tag="520" ind1="3" ind2="#">
      <subfield code="a">Tabellarisch in Spalten angeordnet finden  sich Angaben zu Provinzen, Städten, Festungen, Flüssen, Bergen der  Länder Frankreich, Großbritannien, Spanien, Italien, Holland, Portugal,  Polen, Dänemark, Norwegen, Schweden, Ostpreußen und Baltikum,  Katholische Niederlande (Belgien), Luxembourg, Schweiz, Russland,  Ungarn, Griechenland, Unbekannte Länder: Nordpol und Südpol, Asien:  Gelobtes Land, Tatarey, Türkei, China, Persien, Ostindien, Afrika,  Amerika.</subfield>
    </datafield>
    <datafield tag="541" ind1=" " ind2=" ">
      <subfield code="a">Nachlass Maull, Otto</subfield>
    </datafield>
    <datafield tag="650" ind1=" " ind2="4">
      <subfield code="a">Altkarte</subfield>
    </datafield>
    <datafield tag="653" ind1="1" ind2=" ">
      <subfield code="a">Kartenerläuterung</subfield>
    </datafield>
    <datafield tag="700" ind1="2" ind2=" ">
      <subfield code="a">Groß, Johann Gottfried</subfield>
    </datafield>
    <datafield tag="700" ind1="2" ind2=" ">
      <subfield code="a">Homann, ...</subfield>
    </datafield>
    <datafield tag="841" ind1=" " ind2=" ">
      <subfield code="a">em__</subfield>
      <subfield code="b">1750</subfield>
      <subfield code="c">3</subfield>
    </datafield>
    <datafield tag="852" ind1=" " ind2=" ">
      <subfield code="a">DE-185</subfield>
      <subfield code="c">Historische Abteilung</subfield>
      <subfield code="m">HK 0695</subfield>
      <subfield code="t">236065002</subfield>
    </datafield>
    <datafield tag="856" ind1=" " ind2=" ">
      <subfield code="a">https://ifl.wissensbank.com/fastlink.html?search=236065000</subfield>
      <subfield code="3">permalink</subfield>
    </datafield>
    <datafield tag="856" ind1=" " ind2=" ">
      <subfield code="a">https://ifl.wissensbank.com/cgi-bin/starfetch.exe?6r5hqah4MGtZkZDnzdAtsm0QjmqtPd9xv2X8yE1yHv1Ug2k8JoRmqTafIjP.SuyB7qEKU9VjtFyvhZ4@m.VQsJ5ZdgOiLYihVorveGZmyU1BAtrkIaXGql31I7Aou3PliiGi7ddgUvTyTnNLiCJrTQ/HK695.jpg</subfield>
      <subfield code="3">file</subfield>
    </datafield>
  </record>