
  <record>
    <leader>01250nem  22002893  4500</leader>
    <controlfield tag="001">236822000</controlfield>
    <controlfield tag="003">DE-185</controlfield>
    <controlfield tag="007">ta</controlfield>
    <controlfield tag="008">1730                             i|fre</controlfield>
    <datafield tag="041" ind1=" " ind2=" ">
      <subfield code="a">fre</subfield>
    </datafield>
    <datafield tag="084" ind1=" " ind2=" ">
      <subfield code="a">RA04.03 Niederlande</subfield>
    </datafield>
    <datafield tag="225" ind1=" " ind2=" ">
      <subfield code="c">E 4°52'22"-E 4°56'12"/N 52°23'21"-N 52°21'25"</subfield>
    </datafield>
    <datafield tag="245" ind1="1" ind2="0">
      <subfield code="a">Plan Tres Exact De La Fameuse Ville Marchande D'Amsterdam</subfield>
      <subfield code="c">Gravée et mis au jour Par Henry De Leth a l'enseigne du Pecheur</subfield>
    </datafield>
    <datafield tag="260" ind1=" " ind2=" ">
      <subfield code="a">[S.l.]</subfield>
      <subfield code="b">Henry De Leth</subfield>
      <subfield code="c">[ca. 1730]</subfield>
    </datafield>
    <datafield tag="300" ind1=" " ind2=" ">
      <subfield code="a">1 Kt.</subfield>
      <subfield code="b">unkolor.</subfield>
      <subfield code="c">88 x 57 cm</subfield>
    </datafield>
    <datafield tag="337" ind1=" " ind2=" ">
      <subfield code="a">Karte</subfield>
    </datafield>
    <datafield tag="500" ind1=" " ind2=" ">
      <subfield code="a">Maßstab in graph. Form (Rhynlandsche Voeten). - Titelkartusche unten Mitte. - Erläuterungskartuschen oben links u. rechts. - Mit 1 Nebenkt.: Caarte Van Amstelland. - Mit Gebäudeverz. - SW oben. - Ohne Relief</subfield>
    </datafield>
    <datafield tag="520" ind1="3" ind2="#">
      <subfield code="a">Stadtplan von Amsterdam</subfield>
    </datafield>
    <datafield tag="650" ind1=" " ind2="4">
      <subfield code="a">Altkarte</subfield>
    </datafield>
    <datafield tag="650" ind1=" " ind2="4">
      <subfield code="a">Stadtplan</subfield>
    </datafield>
    <datafield tag="651" ind1=" " ind2="4">
      <subfield code="a">Niederlande</subfield>
    </datafield>
    <datafield tag="651" ind1=" " ind2="4">
      <subfield code="a">Amsterdam</subfield>
    </datafield>
    <datafield tag="700" ind1="2" ind2=" ">
      <subfield code="a">Leth, Hendrik de</subfield>
    </datafield>
    <datafield tag="841" ind1=" " ind2=" ">
      <subfield code="a">em__</subfield>
      <subfield code="b">1730</subfield>
      <subfield code="c">3</subfield>
    </datafield>
    <datafield tag="852" ind1=" " ind2=" ">
      <subfield code="a">DE-185</subfield>
      <subfield code="c">Historische Abteilung</subfield>
      <subfield code="m">HK 0715</subfield>
      <subfield code="t">236822001</subfield>
    </datafield>
    <datafield tag="856" ind1=" " ind2=" ">
      <subfield code="a">https://ifl.wissensbank.com/fastlink.html?search=236822000</subfield>
      <subfield code="3">permalink</subfield>
    </datafield>
    <datafield tag="856" ind1=" " ind2=" ">
      <subfield code="a">https://ifl.wissensbank.com/cgi-bin/starfetch.exe?wQeKIOb7put2weCs0RV8j@9ZqTZgA98y@j8x76I1aZUl.c9k0KNvJRau5K33UMhAwRiGu5KtPTby2S1Frn5gQn9.rvb3sR3mkwkPX1CoRXYESC48cLOXAbghU8YQ1k5MGXoe220Tpb6fOg2sZsZxOw/HK715.jpg</subfield>
      <subfield code="3">file</subfield>
    </datafield>
  </record>