
  <record>
    <leader>01250nem  22002893  4500</leader>
    <controlfield tag="001">239426000</controlfield>
    <controlfield tag="003">DE-185</controlfield>
    <controlfield tag="007">ta</controlfield>
    <controlfield tag="008">1876                             i|spa</controlfield>
    <datafield tag="041" ind1=" " ind2=" ">
      <subfield code="a">spa</subfield>
    </datafield>
    <datafield tag="084" ind1=" " ind2=" ">
      <subfield code="a">RD04.11 Argentinien</subfield>
    </datafield>
    <datafield tag="225" ind1=" " ind2=" ">
      <subfield code="c">W 69°49'00"-W 56°28'00"/S 33°00'00"-S 39°46'00"</subfield>
    </datafield>
    <datafield tag="245" ind1="1" ind2="0">
      <subfield code="a">Carta De Las Pampas Del Sud Y De Las Lineas De Fronteras Actual Y Proyectada</subfield>
      <subfield code="c">Por Don Octavio Nicour, ingeniero. Publicado Por El Diario "Le Courrier De La Plata"</subfield>
    </datafield>
    <datafield tag="260" ind1=" " ind2=" ">
      <subfield code="a">Buenos Ayres</subfield>
      <subfield code="c">1876</subfield>
    </datafield>
    <datafield tag="300" ind1=" " ind2=" ">
      <subfield code="a">1 Kt.</subfield>
      <subfield code="b">teilw. kolor.</subfield>
      <subfield code="c">53 x 35 cm</subfield>
    </datafield>
    <datafield tag="337" ind1=" " ind2=" ">
      <subfield code="a">Karte</subfield>
    </datafield>
    <datafield tag="500" ind1=" " ind2=" ">
      <subfield code="a">Maßstab in graph. Form (Leguas francesas, Kilometros). - Titel unten rechts. - Maßstab oben links. - Erkl. der Zeichen unten links. - Nebensacht. oberhalb des Kt.-Feldes. - Mit Truppenstellungen und Truppenbewegungen. - Ohne Relief</subfield>
    </datafield>
    <datafield tag="520" ind1="3" ind2="#">
      <subfield code="a">Region um Buenos Aires mit Eisenbahnlinien, Flüssen, Truppenstellungen etc.</subfield>
    </datafield>
    <datafield tag="541" ind1=" " ind2=" ">
      <subfield code="a">Collection Alphons Stübel</subfield>
    </datafield>
    <datafield tag="562" ind1=" " ind2=" ">
      <subfield code="a">Nummer aus Altbestand</subfield>
      <subfield code="b">SAm 7i/1</subfield>
    </datafield>
    <datafield tag="650" ind1=" " ind2="4">
      <subfield code="a">Altkarte</subfield>
    </datafield>
    <datafield tag="650" ind1=" " ind2="4">
      <subfield code="a">Indigene Bevölkerung</subfield>
    </datafield>
    <datafield tag="650" ind1=" " ind2="4">
      <subfield code="a">Eisenbahn</subfield>
    </datafield>
    <datafield tag="650" ind1=" " ind2="4">
      <subfield code="a">Verkehrsplanung</subfield>
    </datafield>
    <datafield tag="651" ind1=" " ind2="4">
      <subfield code="a">Argentinien</subfield>
    </datafield>
    <datafield tag="700" ind1="2" ind2=" ">
      <subfield code="a">Nicour, Octavio</subfield>
    </datafield>
    <datafield tag="841" ind1=" " ind2=" ">
      <subfield code="a">em__</subfield>
      <subfield code="b">1876</subfield>
      <subfield code="c">3</subfield>
    </datafield>
    <datafield tag="852" ind1=" " ind2=" ">
      <subfield code="a">DE-185</subfield>
      <subfield code="c">Historische Abteilung</subfield>
      <subfield code="m">HK 1586</subfield>
      <subfield code="t">239426001</subfield>
    </datafield>
    <datafield tag="856" ind1=" " ind2=" ">
      <subfield code="a">https://ifl.wissensbank.com/fastlink.html?search=239426000</subfield>
      <subfield code="3">permalink</subfield>
    </datafield>
    <datafield tag="856" ind1=" " ind2=" ">
      <subfield code="a">https://ifl.wissensbank.com/cgi-bin/starfetch.exe?PPVFGDASaZ.Aq8ZeCRoNOJTZ3oaeybXCAYh0RJdNlKUxJjuK6Zye0e5zeuYyU7qzkpM3Rfwj5E@MuZX@ID5zkyy1.x6r1aBKcYIwnhByfASEqDXC7EAXcYfTR5.4h4eB5adCeOqEwkR1s05MvxC9BA/HK1586.jpg</subfield>
      <subfield code="3">file</subfield>
    </datafield>
  </record>