
  <record>
    <leader>01250nem  22002893  4500</leader>
    <controlfield tag="001">234442000</controlfield>
    <controlfield tag="003">DE-185</controlfield>
    <controlfield tag="007">ta</controlfield>
    <controlfield tag="008">1759                             i|fre</controlfield>
    <datafield tag="041" ind1=" " ind2=" ">
      <subfield code="a">fre</subfield>
    </datafield>
    <datafield tag="084" ind1=" " ind2=" ">
      <subfield code="a">RA05.01 Deutschland</subfield>
    </datafield>
    <datafield tag="225" ind1=" " ind2=" ">
      <subfield code="c">E 12°04'59"-E 12°38'28"/N 51°29'52"-N 51°07'55"</subfield>
    </datafield>
    <datafield tag="245" ind1="1" ind2="0">
      <subfield code="a">Environs de Leipzig</subfield>
    </datafield>
    <datafield tag="260" ind1=" " ind2=" ">
      <subfield code="a">[Paris]</subfield>
      <subfield code="b">[Le Rouge]</subfield>
      <subfield code="c">[1759]</subfield>
    </datafield>
    <datafield tag="300" ind1=" " ind2=" ">
      <subfield code="a">1 Kt.</subfield>
      <subfield code="b">Grenzen kolor.</subfield>
      <subfield code="c">21 x 20 cm</subfield>
    </datafield>
    <datafield tag="337" ind1=" " ind2=" ">
      <subfield code="a">Karte</subfield>
    </datafield>
    <datafield tag="500" ind1=" " ind2=" ">
      <subfield code="a">Vermutlich als Bl. 74 in: LeRouge, Georges L.: Atlas Portatif Des Militaires Et Des Voyageurs. Tome 2e. - Maßstab in graph. Form (L.). - Titel und Maßstab unten links. - In Passepartout eingefasst. - Ohne Relief. - Nullmeridian: Ferro. - Mit Zählung oben rechts: 74</subfield>
    </datafield>
    <datafield tag="520" ind1="3" ind2="#">
      <subfield code="a">Umgebung von Leipzig mit Städten, Flüssen etc.</subfield>
    </datafield>
    <datafield tag="650" ind1=" " ind2="4">
      <subfield code="a">Altkarte</subfield>
    </datafield>
    <datafield tag="651" ind1=" " ind2="4">
      <subfield code="a">Deutschland</subfield>
    </datafield>
    <datafield tag="651" ind1=" " ind2="4">
      <subfield code="a">Leipzig (reg.)</subfield>
    </datafield>
    <datafield tag="700" ind1="2" ind2=" ">
      <subfield code="a">Le Rouge, George Louis</subfield>
    </datafield>
    <datafield tag="841" ind1=" " ind2=" ">
      <subfield code="a">em__</subfield>
      <subfield code="b">1759</subfield>
      <subfield code="c">3</subfield>
    </datafield>
    <datafield tag="852" ind1=" " ind2=" ">
      <subfield code="a">DE-185</subfield>
      <subfield code="c">Historische Abteilung</subfield>
      <subfield code="m">HK 0628</subfield>
      <subfield code="t">234442001</subfield>
    </datafield>
    <datafield tag="856" ind1=" " ind2=" ">
      <subfield code="a">https://ifl.wissensbank.com/fastlink.html?search=234442000</subfield>
      <subfield code="3">permalink</subfield>
    </datafield>
    <datafield tag="856" ind1=" " ind2=" ">
      <subfield code="a">https://ifl.wissensbank.com/cgi-bin/starfetch.exe?DI6XMNBGEmxG0yXNPZk5HKFMzVdnclUgVx9CVDhJcEa7@otjXKxtuK2666NPmKZk.DuDQPCy1K5Hbj3au6z5FTR46NXHZ08hHJMC6TGZFdhAx2lvDPbRGDCvubXxlfJGJdxeXnXRVt9WfaeSKaQqlQ/HK628.jpg</subfield>
      <subfield code="3">file</subfield>
    </datafield>
  </record>