
  <record>
    <leader>01250nem  22002893  4500</leader>
    <controlfield tag="001">235596000</controlfield>
    <controlfield tag="003">DE-185</controlfield>
    <controlfield tag="007">ta</controlfield>
    <controlfield tag="008">1791                             i|ger</controlfield>
    <datafield tag="041" ind1=" " ind2=" ">
      <subfield code="a">ger</subfield>
    </datafield>
    <datafield tag="084" ind1=" " ind2=" ">
      <subfield code="a">RA05.01 Deutschland</subfield>
    </datafield>
    <datafield tag="225" ind1=" " ind2=" ">
      <subfield code="c">E 10°06'04"-E 10°37'37"/N 49°49'27"-N 49°32'22"</subfield>
    </datafield>
    <datafield tag="245" ind1="1" ind2="0">
      <subfield code="a">Die Staaten des Fürsten zu Schwarzenberg oder die gefürstete Grafschaft Schwarzenberg, die Herrschaft Seinsheim und die gefürstete Landgrafschaft Klettgau</subfield>
    </datafield>
    <datafield tag="260" ind1=" " ind2=" ">
      <subfield code="a">[Wien]</subfield>
      <subfield code="c">[1791]</subfield>
    </datafield>
    <datafield tag="300" ind1=" " ind2=" ">
      <subfield code="a">1 Kt.</subfield>
      <subfield code="b">Grenzen kolor.</subfield>
      <subfield code="c">25 x 23 cm</subfield>
    </datafield>
    <datafield tag="337" ind1=" " ind2=" ">
      <subfield code="a">Karte</subfield>
    </datafield>
    <datafield tag="500" ind1=" " ind2=" ">
      <subfield code="a">Aus: Schauplatzes Der Fünf Theile Der Welt Zweyten Theiles Erste Abtheilung : Mit Bestaendiger Rücksicht Auf Die Besten Originalwerke In Drey Theile Zusammengetragen Von Einer Gesellschaft Geographen ; Nach Und Zu Büschings Grosser Erdbeschreibung ; Enthält, 1. Deutschland und die Schweitz, 2. Italien und seine Inseln, 3. Frankreich und die Niederlande, 4. Spanien und Portugall ; [in 2 Bd.] / Herausgegeben Von F. J. J. Von Reilly. Gestochen von Ignatz Albrecht ; 209. - Maßstab in graph. Form (Deutsche Meilen). - Titelkartusche oben links. - Maßstab unten rechts. - Mit 1 Nebenkt. - Relief: Einzelberge</subfield>
    </datafield>
    <datafield tag="520" ind1="3" ind2="#">
      <subfield code="a">Seinsheim, Klettgau und Grafschaft Schwarzenberg mit Städten, Flüssen, Bergen etc.</subfield>
    </datafield>
    <datafield tag="541" ind1=" " ind2=" ">
      <subfield code="a">Nachlass Maull, Otto</subfield>
    </datafield>
    <datafield tag="650" ind1=" " ind2="4">
      <subfield code="a">Altkarte</subfield>
    </datafield>
    <datafield tag="650" ind1=" " ind2="4">
      <subfield code="a">Politische Karte</subfield>
    </datafield>
    <datafield tag="651" ind1=" " ind2="4">
      <subfield code="a">Deutschland</subfield>
    </datafield>
    <datafield tag="651" ind1=" " ind2="4">
      <subfield code="a">Franken</subfield>
    </datafield>
    <datafield tag="651" ind1=" " ind2="4">
      <subfield code="a">Klettgau</subfield>
    </datafield>
    <datafield tag="700" ind1="2" ind2=" ">
      <subfield code="a">Albrecht, Ignatz</subfield>
    </datafield>
    <datafield tag="700" ind1="2" ind2=" ">
      <subfield code="a">Reilly, Franz Johann Joseph von</subfield>
    </datafield>
    <datafield tag="841" ind1=" " ind2=" ">
      <subfield code="a">em__</subfield>
      <subfield code="b">1791</subfield>
      <subfield code="c">3</subfield>
    </datafield>
    <datafield tag="852" ind1=" " ind2=" ">
      <subfield code="a">DE-185</subfield>
      <subfield code="c">Historische Abteilung</subfield>
      <subfield code="m">HK 0656</subfield>
      <subfield code="t">235596001</subfield>
    </datafield>
    <datafield tag="856" ind1=" " ind2=" ">
      <subfield code="a">https://ifl.wissensbank.com/fastlink.html?search=235596000</subfield>
      <subfield code="3">permalink</subfield>
    </datafield>
    <datafield tag="856" ind1=" " ind2=" ">
      <subfield code="a">https://ifl.wissensbank.com/cgi-bin/starfetch.exe?XmCDYb48X21OCIhybmxviQ7tQOfvoV.x1AIZtlh3B2O9aXVab4in6MXkV4h8g3M17QQCscwkMr8M8nY.IT2GWOFJ@dHRnYsAWkXMCPotbWnu2FN441cSqliN0zwe8LEEv@6ESUoI9SdjL93ZrcAjpA/HK656.jpg</subfield>
      <subfield code="3">file</subfield>
    </datafield>
  </record>