
  <record>
    <leader>01250nem  22002893  4500</leader>
    <controlfield tag="001">237694000</controlfield>
    <controlfield tag="003">DE-185</controlfield>
    <controlfield tag="007">ta</controlfield>
    <controlfield tag="008">1875                             i|spa</controlfield>
    <datafield tag="041" ind1=" " ind2=" ">
      <subfield code="a">spa</subfield>
    </datafield>
    <datafield tag="084" ind1=" " ind2=" ">
      <subfield code="a">RD04.14 Chile</subfield>
    </datafield>
    <datafield tag="225" ind1=" " ind2=" ">
      <subfield code="c">W 70°16'00"-W 69°18'00"/S 19°27'00"-S 20°50'00"</subfield>
    </datafield>
    <datafield tag="245" ind1="1" ind2="0">
      <subfield code="a">Plano De Los Ferro-Carriles I Salitreras De La Provincia Litoral De Tarapacá</subfield>
      <subfield code="b">Escala de un cuarto de pulgada por milla</subfield>
    </datafield>
    <datafield tag="260" ind1=" " ind2=" ">
      <subfield code="a">London</subfield>
      <subfield code="b">Waterlow &amp; Sons</subfield>
      <subfield code="c">[1875]</subfield>
    </datafield>
    <datafield tag="300" ind1=" " ind2=" ">
      <subfield code="a">1 Kt.</subfield>
      <subfield code="b">teilw. kolor.</subfield>
      <subfield code="c">70 x 44 cm</subfield>
    </datafield>
    <datafield tag="337" ind1=" " ind2=" ">
      <subfield code="a">Karte</subfield>
    </datafield>
    <datafield tag="500" ind1=" " ind2=" ">
      <subfield code="a">Titel, Maßstab und Legende oben links. - Relief: Schraffen</subfield>
    </datafield>
    <datafield tag="520" ind1="3" ind2="#">
      <subfield code="a">Region Tarapacá mit Eisenbahnlinien und Salpeterwerken</subfield>
    </datafield>
    <datafield tag="541" ind1=" " ind2=" ">
      <subfield code="a">Collection Alphons Stübel</subfield>
    </datafield>
    <datafield tag="562" ind1=" " ind2=" ">
      <subfield code="a">Nummer aus Altbestand</subfield>
      <subfield code="b">SAm 8d/2</subfield>
    </datafield>
    <datafield tag="650" ind1=" " ind2="4">
      <subfield code="a">Altkarte</subfield>
    </datafield>
    <datafield tag="650" ind1=" " ind2="4">
      <subfield code="a">Wirtschaftskarte</subfield>
    </datafield>
    <datafield tag="650" ind1=" " ind2="4">
      <subfield code="a">Eisenbahn</subfield>
    </datafield>
    <datafield tag="650" ind1=" " ind2="4">
      <subfield code="a">Salzbergbau</subfield>
    </datafield>
    <datafield tag="651" ind1=" " ind2="4">
      <subfield code="a">Chile</subfield>
    </datafield>
    <datafield tag="651" ind1=" " ind2="4">
      <subfield code="a">Tarapacá (reg.)</subfield>
    </datafield>
    <datafield tag="700" ind1="2" ind2=" ">
      <subfield code="a">Waterlow, ...</subfield>
    </datafield>
    <datafield tag="841" ind1=" " ind2=" ">
      <subfield code="a">em__</subfield>
      <subfield code="b">1875</subfield>
      <subfield code="c">3</subfield>
    </datafield>
    <datafield tag="852" ind1=" " ind2=" ">
      <subfield code="a">DE-185</subfield>
      <subfield code="c">Historische Abteilung</subfield>
      <subfield code="m">HK 1521</subfield>
      <subfield code="t">237694001</subfield>
    </datafield>
    <datafield tag="856" ind1=" " ind2=" ">
      <subfield code="a">https://ifl.wissensbank.com/fastlink.html?search=237694000</subfield>
      <subfield code="3">permalink</subfield>
    </datafield>
    <datafield tag="856" ind1=" " ind2=" ">
      <subfield code="a">https://ifl.wissensbank.com/cgi-bin/starfetch.exe?a9QA7pf4l8ekp0cf@LYBVZFQFsUv0VCWQmRCwI98pWUGEkPBb.VOiOSnI3tPSqAEZdtfGPBv9KWdu3jt.8SFKchSoZQ6pAohzclEPp@oJX9EmAOT7Y0QxdVU9BUIjE9UCDWXaxlFyUmOe1NdOfJxjQ/HK1521.jpg</subfield>
      <subfield code="3">file</subfield>
    </datafield>
  </record>