
  <record>
    <leader>01250nem  22002893  4500</leader>
    <controlfield tag="001">178057000</controlfield>
    <controlfield tag="003">DE-185</controlfield>
    <controlfield tag="007">ta</controlfield>
    <controlfield tag="008">747800e1874                      i|ger</controlfield>
    <datafield tag="041" ind1=" " ind2=" ">
      <subfield code="a">ger</subfield>
    </datafield>
    <datafield tag="225" ind1=" " ind2=" ">
      <subfield code="c">E 11°50'00"-E 12°49'00"/N 51°00'00"-N 50°30'00"</subfield>
    </datafield>
    <datafield tag="245" ind1="1" ind2="0">
      <subfield code="a">Orts- und Entfernungskarte des Königr. Sachsen</subfield>
      <subfield code="n">1</subfield>
      <subfield code="p">Section Zwickau</subfield>
    </datafield>
    <datafield tag="260" ind1=" " ind2=" ">
      <subfield code="a">Lindenhöhe b. Cöln</subfield>
      <subfield code="b">Aubeldruck-Anstalt v. C. F. Kaiser</subfield>
      <subfield code="c">1874-1878</subfield>
    </datafield>
    <datafield tag="337" ind1=" " ind2=" ">
      <subfield code="a">Karte</subfield>
    </datafield>
    <datafield tag="650" ind1=" " ind2="4">
      <subfield code="a">Altkarte</subfield>
    </datafield>
    <datafield tag="650" ind1=" " ind2="4">
      <subfield code="a">Bergbaugebiet</subfield>
    </datafield>
    <datafield tag="651" ind1=" " ind2="4">
      <subfield code="a">Deutschland</subfield>
    </datafield>
    <datafield tag="651" ind1=" " ind2="4">
      <subfield code="a">Sachsen</subfield>
    </datafield>
    <datafield tag="700" ind1="2" ind2=" ">
      <subfield code="a">Mittelbach, Robert</subfield>
    </datafield>
    <datafield tag="700" ind1="2" ind2=" ">
      <subfield code="a">Hinrichs, Johann Conrad</subfield>
    </datafield>
    <datafield tag="700" ind1="2" ind2=" ">
      <subfield code="a">Kaiser, C. F.</subfield>
    </datafield>
    <datafield tag="773" ind1="1" ind2="8">
      <subfield code="w">(IFL)178056000</subfield>
    </datafield>
    <datafield tag="841" ind1=" " ind2=" ">
      <subfield code="a">em__</subfield>
      <subfield code="b">747800e1874</subfield>
      <subfield code="c">3</subfield>
    </datafield>
    <datafield tag="852" ind1=" " ind2=" ">
      <subfield code="a">DE-185</subfield>
      <subfield code="c">Historische Abteilung</subfield>
      <subfield code="m">HK 1474</subfield>
      <subfield code="t">178057001</subfield>
    </datafield>
    <datafield tag="856" ind1=" " ind2=" ">
      <subfield code="a">https://ifl.wissensbank.com/fastlink.html?search=178057000</subfield>
      <subfield code="3">permalink</subfield>
    </datafield>
    <datafield tag="856" ind1=" " ind2=" ">
      <subfield code="a">https://ifl.wissensbank.com/cgi-bin/starfetch.exe?tSTiSpsKGNYJY9iYvIAQ78SLMjy56c1YYeoBR@3m5OjKPlvTUaTLRpaJicshIejGP28YEtHNxMvbJM7hKB6fTxaLU2d.z5Y8p@yFOzJtQoJMWtF4BZRGh0DYR64tDLJ5Bh3M3UOl2TGPwFhFZmUaUA/HK1474.jpg</subfield>
      <subfield code="3">file</subfield>
    </datafield>
  </record>