
  <record>
    <leader>01250nem  22002893  4500</leader>
    <controlfield tag="001">178058000</controlfield>
    <controlfield tag="003">DE-185</controlfield>
    <controlfield tag="007">ta</controlfield>
    <controlfield tag="008">748300e1874                      i|ger</controlfield>
    <datafield tag="041" ind1=" " ind2=" ">
      <subfield code="a">ger</subfield>
    </datafield>
    <datafield tag="225" ind1=" " ind2=" ">
      <subfield code="c">E 12°50'20"-E 13°49'57"/N 51°30'07"-N 51°00'04"</subfield>
    </datafield>
    <datafield tag="245" ind1="1" ind2="0">
      <subfield code="a">Orts- und Entfernungskarte des Königr. Sachsen</subfield>
      <subfield code="n">2</subfield>
      <subfield code="p">Section Dresden</subfield>
    </datafield>
    <datafield tag="260" ind1=" " ind2=" ">
      <subfield code="a">Lindenhöhe b. Cöln</subfield>
      <subfield code="b">Aubeldruck-Anstalt v. C. F. Kaiser</subfield>
      <subfield code="c">1874-1883</subfield>
    </datafield>
    <datafield tag="337" ind1=" " ind2=" ">
      <subfield code="a">Karte</subfield>
    </datafield>
    <datafield tag="650" ind1=" " ind2="4">
      <subfield code="a">Altkarte</subfield>
    </datafield>
    <datafield tag="650" ind1=" " ind2="4">
      <subfield code="a">Bergbaugebiet</subfield>
    </datafield>
    <datafield tag="651" ind1=" " ind2="4">
      <subfield code="a">Deutschland</subfield>
    </datafield>
    <datafield tag="651" ind1=" " ind2="4">
      <subfield code="a">Sachsen</subfield>
    </datafield>
    <datafield tag="700" ind1="2" ind2=" ">
      <subfield code="a">Mittelbach, Robert</subfield>
    </datafield>
    <datafield tag="700" ind1="2" ind2=" ">
      <subfield code="a">Hinrichs, Johann Conrad</subfield>
    </datafield>
    <datafield tag="700" ind1="2" ind2=" ">
      <subfield code="a">Kaiser, C. F.</subfield>
    </datafield>
    <datafield tag="773" ind1="1" ind2="8">
      <subfield code="w">(IFL)178056000</subfield>
    </datafield>
    <datafield tag="841" ind1=" " ind2=" ">
      <subfield code="a">em__</subfield>
      <subfield code="b">748300e1874</subfield>
      <subfield code="c">3</subfield>
    </datafield>
    <datafield tag="852" ind1=" " ind2=" ">
      <subfield code="a">DE-185</subfield>
      <subfield code="c">Historische Abteilung</subfield>
      <subfield code="m">HK 1475</subfield>
      <subfield code="t">178058001</subfield>
    </datafield>
    <datafield tag="856" ind1=" " ind2=" ">
      <subfield code="a">https://ifl.wissensbank.com/fastlink.html?search=178058000</subfield>
      <subfield code="3">permalink</subfield>
    </datafield>
    <datafield tag="856" ind1=" " ind2=" ">
      <subfield code="a">https://ifl.wissensbank.com/cgi-bin/starfetch.exe?cINJUwPzDW2JvBPvqnubI4d6IM5l0HIUPUgCH1GhUbjg7PMQggZHBh3Qc9c3HMru5r2MIaXwXIXquptnDoLWKyN718I.8.u00QjWdbDH4HD1mcgY2PJRZO4VwX23ikHdPsK4VJfOvlygSjiWw3wXuQ/HK1475.jpg</subfield>
      <subfield code="3">file</subfield>
    </datafield>
  </record>