
  <record>
    <leader>01250nem  22002893  4500</leader>
    <controlfield tag="001">180001000</controlfield>
    <controlfield tag="003">DE-185</controlfield>
    <controlfield tag="007">ta</controlfield>
    <controlfield tag="008">580000e1858                      i|ger</controlfield>
    <datafield tag="041" ind1=" " ind2=" ">
      <subfield code="a">ger</subfield>
    </datafield>
    <datafield tag="225" ind1=" " ind2=" ">
      <subfield code="c">E 7°43'00"-E 26°24'00"/N 51°23'00"-N 41°52'00"</subfield>
    </datafield>
    <datafield tag="245" ind1="1" ind2="0">
      <subfield code="a">Hand-Atlas über alle Theile der Erde nach dem neuesten Zustande und über das Weltgebäude</subfield>
      <subfield code="c">entw. u. gez. von F. v. Stülpnagel. Gest. v. Edler</subfield>
      <subfield code="n">26</subfield>
      <subfield code="p">Der Oesterreichische Kaiser-Staate</subfield>
      <subfield code="Q">HE</subfield>
    </datafield>
    <datafield tag="260" ind1=" " ind2=" ">
      <subfield code="a">Gotha</subfield>
      <subfield code="b">Justus Perthes</subfield>
      <subfield code="c">1858</subfield>
    </datafield>
    <datafield tag="337" ind1=" " ind2=" ">
      <subfield code="a">Karte</subfield>
    </datafield>
    <datafield tag="650" ind1=" " ind2="4">
      <subfield code="a">Altkarte</subfield>
    </datafield>
    <datafield tag="650" ind1=" " ind2="4">
      <subfield code="a">Weltatlas</subfield>
    </datafield>
    <datafield tag="653" ind1="1" ind2=" ">
      <subfield code="a">Atlaskartographie</subfield>
    </datafield>
    <datafield tag="700" ind1="2" ind2=" ">
      <subfield code="a">Stülpnagel, Friedrich von</subfield>
    </datafield>
    <datafield tag="700" ind1="2" ind2=" ">
      <subfield code="a">Edler, Erich Gottfried</subfield>
    </datafield>
    <datafield tag="700" ind1="2" ind2=" ">
      <subfield code="a">Stieler, Adolf</subfield>
    </datafield>
    <datafield tag="700" ind1="2" ind2=" ">
      <subfield code="a">Perthes, Justus</subfield>
    </datafield>
    <datafield tag="773" ind1="1" ind2="8">
      <subfield code="w">(IFL)179972000</subfield>
    </datafield>
    <datafield tag="841" ind1=" " ind2=" ">
      <subfield code="a">em__</subfield>
      <subfield code="b">580000e1858</subfield>
      <subfield code="c">3</subfield>
    </datafield>
    <datafield tag="852" ind1=" " ind2=" ">
      <subfield code="a">DE-185</subfield>
      <subfield code="c">Historische Abteilung</subfield>
      <subfield code="m">HK 0743</subfield>
      <subfield code="t">180001001</subfield>
    </datafield>
    <datafield tag="856" ind1=" " ind2=" ">
      <subfield code="a">https://ifl.wissensbank.com/fastlink.html?search=180001000</subfield>
      <subfield code="3">permalink</subfield>
    </datafield>
    <datafield tag="856" ind1=" " ind2=" ">
      <subfield code="a">https://ifl.wissensbank.com/cgi-bin/starfetch.exe?8lG17fAKtfUqZgii@MdTxMWs8WeO4KuB8epvNmnZtd@HmeJ.8QcI29XNEirQdn5SZtxNzsUgmlmx9UtNCjndmusvaKbi1@GS2QiOSrMthei.qndq094pYVhUiBn944svr4ygFaTTcwQs6JiGxbhdOA/HK743.jpg</subfield>
      <subfield code="3">file</subfield>
    </datafield>
  </record>