
  <record>
    <leader>01250nem  22002893  4500</leader>
    <controlfield tag="001">180239000</controlfield>
    <controlfield tag="003">DE-185</controlfield>
    <controlfield tag="007">ta</controlfield>
    <controlfield tag="008">1866                             i|ger</controlfield>
    <datafield tag="041" ind1=" " ind2=" ">
      <subfield code="a">ger</subfield>
    </datafield>
    <datafield tag="225" ind1=" " ind2=" ">
      <subfield code="c">E 15°37'26"-E 15°44'17"/N 50°14'58"-N 50°10'22"</subfield>
    </datafield>
    <datafield tag="245" ind1="1" ind2="0">
      <subfield code="a">Plan des Schlachtfeldes von Königgrätz</subfield>
      <subfield code="c">Aufgenommen und gezeichnet im August 1866 durch Rheinemann, Ingenieur Geograph im grossen Hauptquartier Sr. Majestät</subfield>
      <subfield code="n">c</subfield>
      <subfield code="p">Südwestliches Viertel</subfield>
      <subfield code="Q">HE</subfield>
    </datafield>
    <datafield tag="260" ind1=" " ind2=" ">
      <subfield code="a">Berlin</subfield>
      <subfield code="c">1866</subfield>
    </datafield>
    <datafield tag="300" ind1=" " ind2=" ">
      <subfield code="a">1 Kt.</subfield>
      <subfield code="b">teilw. kolor.</subfield>
      <subfield code="c">31 x 35 cm</subfield>
    </datafield>
    <datafield tag="337" ind1=" " ind2=" ">
      <subfield code="a">Karte</subfield>
    </datafield>
    <datafield tag="650" ind1=" " ind2="4">
      <subfield code="a">Altkarte</subfield>
    </datafield>
    <datafield tag="650" ind1=" " ind2="4">
      <subfield code="a">Militärkartographie</subfield>
    </datafield>
    <datafield tag="650" ind1=" " ind2="4">
      <subfield code="a">Kreis</subfield>
    </datafield>
    <datafield tag="651" ind1=" " ind2="4">
      <subfield code="a">Tschechien</subfield>
    </datafield>
    <datafield tag="651" ind1=" " ind2="4">
      <subfield code="a">Hradec Kralové (Königgrätz) (Kraj)</subfield>
    </datafield>
    <datafield tag="653" ind1="1" ind2=" ">
      <subfield code="a">Krieg/Bürgerkrieg</subfield>
    </datafield>
    <datafield tag="700" ind1="2" ind2=" ">
      <subfield code="a">Hammer, ...</subfield>
    </datafield>
    <datafield tag="700" ind1="2" ind2=" ">
      <subfield code="a">Rhein, ...</subfield>
    </datafield>
    <datafield tag="700" ind1="2" ind2=" ">
      <subfield code="a">Hohenstädt, ...</subfield>
    </datafield>
    <datafield tag="700" ind1="2" ind2=" ">
      <subfield code="a">Westerheide, ...</subfield>
    </datafield>
    <datafield tag="700" ind1="2" ind2=" ">
      <subfield code="a">Streit, ...</subfield>
    </datafield>
    <datafield tag="700" ind1="2" ind2=" ">
      <subfield code="a">Rheinemann, ...</subfield>
    </datafield>
    <datafield tag="700" ind1="2" ind2=" ">
      <subfield code="a">Burchard, ...</subfield>
    </datafield>
    <datafield tag="773" ind1="1" ind2="8">
      <subfield code="w">(IFL)180236000</subfield>
    </datafield>
    <datafield tag="841" ind1=" " ind2=" ">
      <subfield code="a">em__</subfield>
      <subfield code="b">1866</subfield>
      <subfield code="c">3</subfield>
    </datafield>
    <datafield tag="852" ind1=" " ind2=" ">
      <subfield code="a">DE-185</subfield>
      <subfield code="c">Historische Abteilung</subfield>
      <subfield code="m">HK 0952c</subfield>
      <subfield code="t">180239001</subfield>
    </datafield>
    <datafield tag="856" ind1=" " ind2=" ">
      <subfield code="a">https://ifl.wissensbank.com/fastlink.html?search=180239000</subfield>
      <subfield code="3">permalink</subfield>
    </datafield>
    <datafield tag="856" ind1=" " ind2=" ">
      <subfield code="a">https://ifl.wissensbank.com/cgi-bin/starfetch.exe?gH0ydS8fR3RAfIeynNSY3LcIeX5zaExh5j1b1qBwEZBX8EIHfl0A7vRzJb68YorP2lswbiOqGYeMSOi0IpxvtoLc8C9CeoW1yPshPBmkvtNvZ0aJvXcGvB.Nkf62dsssHLKKR@.Jj4mkKnFmRSKUGg/HK952c.jpg</subfield>
      <subfield code="3">file</subfield>
    </datafield>
  </record>