
  <record>
    <leader>01250nem  22002893  4500</leader>
    <controlfield tag="001">234930000</controlfield>
    <controlfield tag="003">DE-185</controlfield>
    <controlfield tag="007">ta</controlfield>
    <controlfield tag="008">1802                             i|fre</controlfield>
    <datafield tag="041" ind1=" " ind2=" ">
      <subfield code="a">fre</subfield>
    </datafield>
    <datafield tag="084" ind1=" " ind2=" ">
      <subfield code="a">RA07.32 Ukraine</subfield>
    </datafield>
    <datafield tag="245" ind1="1" ind2="0">
      <subfield code="a">Plan Géométrique, Gouvernement de Katerinoslaff, District d'Alexandrowskie</subfield>
      <subfield code="b">Première partie de terre de la Couronne de Mariupol, montrant la divission en quantité de 1/e 3/e et 6/e de dessatines</subfield>
      <subfield code="c">Originelment sousigné, Géomètre Conseiller nominee Levotoff</subfield>
    </datafield>
    <datafield tag="260" ind1=" " ind2=" ">
      <subfield code="a">[S.l.]</subfield>
      <subfield code="c">[nach 1802]</subfield>
    </datafield>
    <datafield tag="300" ind1=" " ind2=" ">
      <subfield code="a">1 Kt.</subfield>
      <subfield code="b">teilw. kolor.</subfield>
      <subfield code="c">Blattgr. 74 x 55 cm</subfield>
    </datafield>
    <datafield tag="337" ind1=" " ind2=" ">
      <subfield code="a">Karte</subfield>
    </datafield>
    <datafield tag="500" ind1=" " ind2=" ">
      <subfield code="a">Handgezeichnet. - Maßstab in graph. Form (Echelle en versts). - Titel oben Mitte. - Maßstab unten links. - Ohne Relief</subfield>
    </datafield>
    <datafield tag="520" ind1="3" ind2="#">
      <subfield code="a">Ujesdy Alexandrowsk (heute Saporischschja) und Mariupol des Gouvernement Jekaterinoslaw</subfield>
    </datafield>
    <datafield tag="650" ind1=" " ind2="4">
      <subfield code="a">Altkarte</subfield>
    </datafield>
    <datafield tag="651" ind1=" " ind2="4">
      <subfield code="a">Ukraine</subfield>
    </datafield>
    <datafield tag="651" ind1=" " ind2="4">
      <subfield code="a">Saporiška (Oblast')</subfield>
    </datafield>
    <datafield tag="700" ind1="2" ind2=" ">
      <subfield code="a">Levotoff, ...</subfield>
    </datafield>
    <datafield tag="841" ind1=" " ind2=" ">
      <subfield code="a">em__</subfield>
      <subfield code="b">1802</subfield>
      <subfield code="c">3</subfield>
    </datafield>
    <datafield tag="852" ind1=" " ind2=" ">
      <subfield code="a">DE-185</subfield>
      <subfield code="c">Historische Abteilung</subfield>
      <subfield code="m">HK 0218</subfield>
      <subfield code="t">234930001</subfield>
    </datafield>
    <datafield tag="856" ind1=" " ind2=" ">
      <subfield code="a">https://ifl.wissensbank.com/fastlink.html?search=234930000</subfield>
      <subfield code="3">permalink</subfield>
    </datafield>
    <datafield tag="856" ind1=" " ind2=" ">
      <subfield code="a">https://ifl.wissensbank.com/cgi-bin/starfetch.exe?wnK7n5mjjnmhxxFV11yN6Mti2Out9SbY@ZhPFNmgSw0Jnri1AZbkamOTQ39vHfNgevK4FdNETPvZhdcKM8D1CvE3NSdzq.ZahWjYrGPwe2j296BaGVi69Gn6RN.rKJS9lWK7tBmyzbJtpNKosSh8Dw/HK218.jpg</subfield>
      <subfield code="3">file</subfield>
    </datafield>
  </record>