
  <record>
    <leader>01250nem  22002893  4500</leader>
    <controlfield tag="001">234520000</controlfield>
    <controlfield tag="003">DE-185</controlfield>
    <controlfield tag="007">ta</controlfield>
    <controlfield tag="008">1847                             i|ger</controlfield>
    <datafield tag="041" ind1=" " ind2=" ">
      <subfield code="a">ger</subfield>
    </datafield>
    <datafield tag="084" ind1=" " ind2=" ">
      <subfield code="a">RA02.13 Alpen</subfield>
    </datafield>
    <datafield tag="245" ind1="1" ind2="0">
      <subfield code="a">Specielle Reise-Karte vom Bayerischen Hochland, Nord-Tyrol, Salzburg, und Salzkammergut</subfield>
      <subfield code="b">Mit einer Vergleichenden Höhendarstellung nach den neuesten amtlichen Vermessungen</subfield>
      <subfield code="c">entworfen, gezeichnet, gestochen, und herausgegeben von Gg. Mayr</subfield>
    </datafield>
    <datafield tag="260" ind1=" " ind2=" ">
      <subfield code="a">München</subfield>
      <subfield code="b">Palm'sche Verlagsbuchhandlung</subfield>
      <subfield code="c">1847</subfield>
    </datafield>
    <datafield tag="300" ind1=" " ind2=" ">
      <subfield code="a">1 Kt.</subfield>
      <subfield code="b">teilw. kolor.</subfield>
      <subfield code="c">70 x 28 cm, gefaltet 10 x 19 cm</subfield>
    </datafield>
    <datafield tag="337" ind1=" " ind2=" ">
      <subfield code="a">Karte</subfield>
    </datafield>
    <datafield tag="500" ind1=" " ind2=" ">
      <subfield code="a">Maßstab in graph. Form (Geographische Meilen). - Titel oberhalb des Kt.-Feldes. - Entfernungsübersicht und Maßstab oben rechts. - Legende oben links. - Mit 1 Höhenprofil unterhalb des Kt.-Feldes. - Mit Bergstrichen. - Oben links: Westliches Blatt. - Mit Entfernungsangaben</subfield>
    </datafield>
    <datafield tag="520" ind1="3" ind2="#">
      <subfield code="a">Reisekarte von Oberbayern, Salzkammergut und Tirol mit Städten, Gebirgen, Flüssen etc.</subfield>
    </datafield>
    <datafield tag="650" ind1=" " ind2="4">
      <subfield code="a">Altkarte</subfield>
    </datafield>
    <datafield tag="651" ind1=" " ind2="4">
      <subfield code="a">Oberbayern</subfield>
    </datafield>
    <datafield tag="651" ind1=" " ind2="4">
      <subfield code="a">Tirol</subfield>
    </datafield>
    <datafield tag="651" ind1=" " ind2="4">
      <subfield code="a">Salzburg (Bundesland)</subfield>
    </datafield>
    <datafield tag="651" ind1=" " ind2="4">
      <subfield code="a">Salzkammergut</subfield>
    </datafield>
    <datafield tag="651" ind1=" " ind2="4">
      <subfield code="a">Alpen</subfield>
    </datafield>
    <datafield tag="700" ind1="2" ind2=" ">
      <subfield code="a">Palm, Johann</subfield>
    </datafield>
    <datafield tag="700" ind1="2" ind2=" ">
      <subfield code="a">Mayr, Johann Georg</subfield>
    </datafield>
    <datafield tag="841" ind1=" " ind2=" ">
      <subfield code="a">em__</subfield>
      <subfield code="b">1847</subfield>
      <subfield code="c">3</subfield>
    </datafield>
    <datafield tag="852" ind1=" " ind2=" ">
      <subfield code="a">DE-185</subfield>
      <subfield code="c">Historische Abteilung</subfield>
      <subfield code="m">HK 0204</subfield>
      <subfield code="t">234520001</subfield>
    </datafield>
    <datafield tag="856" ind1=" " ind2=" ">
      <subfield code="a">https://ifl.wissensbank.com/fastlink.html?search=234520000</subfield>
      <subfield code="3">permalink</subfield>
    </datafield>
    <datafield tag="856" ind1=" " ind2=" ">
      <subfield code="a">https://ifl.wissensbank.com/cgi-bin/starfetch.exe?FNJ.QMH07YAleuyki4gYuE@YU65Q9Ey2jnaRGw8QIQpHiDRLBQcLWrcRXJZaMbj43Wy3e9e@.wnr8BnobGkm0PV.0zI1uEQQLnssLmxfQwsHmBmTgNfKC6lUwJOeK16N7voSSgEJEF6pUM2OW7ZnEg/HK204%2e1.jpg</subfield>
      <subfield code="3">file</subfield>
    </datafield>
  </record>