
  <record>
    <leader>01250nem  22002893  4500</leader>
    <controlfield tag="001">234698000</controlfield>
    <controlfield tag="003">DE-185</controlfield>
    <controlfield tag="007">ta</controlfield>
    <controlfield tag="008">1846                             i|ger</controlfield>
    <datafield tag="041" ind1=" " ind2=" ">
      <subfield code="a">ger</subfield>
    </datafield>
    <datafield tag="084" ind1=" " ind2=" ">
      <subfield code="a">RA Europa</subfield>
    </datafield>
    <datafield tag="225" ind1=" " ind2=" ">
      <subfield code="c">W 1°08'00"-E 21°56'00"/N 55°42'00"-N 40°40'00"</subfield>
    </datafield>
    <datafield tag="245" ind1="1" ind2="0">
      <subfield code="a">Deutschland, Holland, Belgien, die Schweiz, Italien bis Neapel, der größte Theil von Frankreich, Ungarn, Polen etc.</subfield>
      <subfield code="b">Post- und Eisenbahn-Reisekarte ; Mit besonderer Rücksicht auf Eisenbahnen u. Seedampfschiffahrt. ; Den Eisenbahnreissenden giebt eine (den Postkarten bisher mangelnde) ausführliche Tabelle der vorzüglichsten Eisenbahnen, die Fahrzeit, den Fahrpreis etc. an</subfield>
      <subfield code="c">Originalzeichnung v. G. Hanser kgl. bayr. Oberlieutenant</subfield>
    </datafield>
    <datafield tag="260" ind1=" " ind2=" ">
      <subfield code="a">Nürnberg</subfield>
      <subfield code="b">Serz &amp; C[ompan]ie</subfield>
      <subfield code="c">1846</subfield>
    </datafield>
    <datafield tag="300" ind1=" " ind2=" ">
      <subfield code="a">1 Kt.</subfield>
      <subfield code="b">Stahlstich, Grenzen kolor.</subfield>
      <subfield code="c">61 x 71 cm, gefaltet 11 x 19 cm</subfield>
    </datafield>
    <datafield tag="337" ind1=" " ind2=" ">
      <subfield code="a">Karte</subfield>
    </datafield>
    <datafield tag="500" ind1=" " ind2=" ">
      <subfield code="a">Titel oben links. - Mit Übersicht der Verkehrsverbindungen, der Meilen u. Wegemaße, Umrechungstab. für europ. Währungseinheiten u. statist. Übersicht der deutschen Bundesstaaten. - Legende unten rechts. - Ohne Relief</subfield>
    </datafield>
    <datafield tag="520" ind1="3" ind2="#">
      <subfield code="a">Postrouten- und Eisenbahnkarte von Mitteleuropa</subfield>
    </datafield>
    <datafield tag="650" ind1=" " ind2="4">
      <subfield code="a">Altkarte</subfield>
    </datafield>
    <datafield tag="650" ind1=" " ind2="4">
      <subfield code="a">Eisenbahn</subfield>
    </datafield>
    <datafield tag="650" ind1=" " ind2="4">
      <subfield code="a">Verkehrskarte</subfield>
    </datafield>
    <datafield tag="651" ind1=" " ind2="4">
      <subfield code="a">Europa</subfield>
    </datafield>
    <datafield tag="653" ind1="1" ind2=" ">
      <subfield code="a">Postwesen</subfield>
    </datafield>
    <datafield tag="700" ind1="2" ind2=" ">
      <subfield code="a">Serz, ...</subfield>
    </datafield>
    <datafield tag="700" ind1="2" ind2=" ">
      <subfield code="a">Hanser, Gustav</subfield>
    </datafield>
    <datafield tag="841" ind1=" " ind2=" ">
      <subfield code="a">em__</subfield>
      <subfield code="b">1846</subfield>
      <subfield code="c">3</subfield>
    </datafield>
    <datafield tag="852" ind1=" " ind2=" ">
      <subfield code="a">DE-185</subfield>
      <subfield code="c">Historische Abteilung</subfield>
      <subfield code="m">HK 0208</subfield>
      <subfield code="t">234698001</subfield>
    </datafield>
    <datafield tag="856" ind1=" " ind2=" ">
      <subfield code="a">https://ifl.wissensbank.com/fastlink.html?search=234698000</subfield>
      <subfield code="3">permalink</subfield>
    </datafield>
    <datafield tag="856" ind1=" " ind2=" ">
      <subfield code="a">https://ifl.wissensbank.com/cgi-bin/starfetch.exe?YToDfwEQcs@.kp4PYuaDkT2FUftQrDupmJqxtqoWqp8VFX7b.PODvSzWe9Wmr1e0h5rOAhZEDGZWCosLAvPvL.Qj2QDCMhXgJi72F4wO@J17NV8aFX7S7S6pcswphjmbc59JH1lBNzlWpjDTm1t.ew/HK208.jpg</subfield>
      <subfield code="3">file</subfield>
    </datafield>
  </record>