
  <record>
    <leader>01250nem  22002893  4500</leader>
    <controlfield tag="001">234729000</controlfield>
    <controlfield tag="003">DE-185</controlfield>
    <controlfield tag="007">ta</controlfield>
    <controlfield tag="008">1707                             i|fre</controlfield>
    <datafield tag="041" ind1=" " ind2=" ">
      <subfield code="a">fre</subfield>
    </datafield>
    <datafield tag="084" ind1=" " ind2=" ">
      <subfield code="a">RF05 Nordostafrika</subfield>
    </datafield>
    <datafield tag="225" ind1=" " ind2=" ">
      <subfield code="c">E 7°30'00"-E 61°29'00"/N 39°17'00"-N 1°18'00"</subfield>
    </datafield>
    <datafield tag="245" ind1="1" ind2="0">
      <subfield code="a">Carte De L'Egypte, De La Nubie, De L'Abissinie &amp;c</subfield>
      <subfield code="b">avec Privilege pour 20 ans</subfield>
      <subfield code="c">Par Guillaume Delisle de l'Academie R[oya]le des Sciences. Desrosiers sculp.</subfield>
    </datafield>
    <datafield tag="260" ind1=" " ind2=" ">
      <subfield code="a">Paris</subfield>
      <subfield code="b">Chez l'Auteur</subfield>
      <subfield code="c">1707</subfield>
    </datafield>
    <datafield tag="300" ind1=" " ind2=" ">
      <subfield code="a">1 Kt.</subfield>
      <subfield code="b">Grenzen kolor.</subfield>
      <subfield code="c">60 x 47 cm</subfield>
    </datafield>
    <datafield tag="337" ind1=" " ind2=" ">
      <subfield code="a">Karte</subfield>
    </datafield>
    <datafield tag="500" ind1=" " ind2=" ">
      <subfield code="a">Vermutlich aus:  [Guillaume de l'Isle Atlas] ; 48. - Maßstab in graph. Form (Milles Communs de Turquie, Lieües Marines). - Titel oberhalb des Kt.-Feldes. - Maßstab oben rechts. - Relief: Einzelberge. -  Vorlageform des Erscheinungsvermerks: A Pais Chez l'Autheur sur le Quai de l'Horloge a l'Aigle d'Or, Nov. 1707</subfield>
    </datafield>
    <datafield tag="520" ind1="3" ind2="#">
      <subfield code="a">Ägypten, Nubien, Äthiopien und Arabien mit Städten, Bergen, Flüssen etc.</subfield>
    </datafield>
    <datafield tag="650" ind1=" " ind2="4">
      <subfield code="a">Altkarte</subfield>
    </datafield>
    <datafield tag="651" ind1=" " ind2="4">
      <subfield code="a">Nordostafrika</subfield>
    </datafield>
    <datafield tag="651" ind1=" " ind2="4">
      <subfield code="a">Ägypten</subfield>
    </datafield>
    <datafield tag="651" ind1=" " ind2="4">
      <subfield code="a">Nubien</subfield>
    </datafield>
    <datafield tag="651" ind1=" " ind2="4">
      <subfield code="a">Äthiopien</subfield>
    </datafield>
    <datafield tag="700" ind1="2" ind2=" ">
      <subfield code="a">L'Isle, Guillaume de</subfield>
    </datafield>
    <datafield tag="700" ind1="2" ind2=" ">
      <subfield code="a">Des Rosiers, François</subfield>
    </datafield>
    <datafield tag="841" ind1=" " ind2=" ">
      <subfield code="a">em__</subfield>
      <subfield code="b">1707</subfield>
      <subfield code="c">3</subfield>
    </datafield>
    <datafield tag="852" ind1=" " ind2=" ">
      <subfield code="a">DE-185</subfield>
      <subfield code="c">Historische Abteilung</subfield>
      <subfield code="m">HK 0210</subfield>
      <subfield code="t">234729001</subfield>
    </datafield>
    <datafield tag="856" ind1=" " ind2=" ">
      <subfield code="a">https://ifl.wissensbank.com/fastlink.html?search=234729000</subfield>
      <subfield code="3">permalink</subfield>
    </datafield>
    <datafield tag="856" ind1=" " ind2=" ">
      <subfield code="a">https://ifl.wissensbank.com/cgi-bin/starfetch.exe?dHYtFeH@c9mpuHOiye4.dE7neyBkwQyEjjketk9W9GJeoijBdibZPfF6aaE8LlwGhDSRUwK5CnuYW09X60f78bO5jd0w@M8UNqM61jFspS0QjVcFxdYOam4dBoSJTgHIcZALmnhPig1ezBPi5D9WNA/HK210.jpg</subfield>
      <subfield code="3">file</subfield>
    </datafield>
  </record>