
  <record>
    <leader>01250nem  22002893  4500</leader>
    <controlfield tag="001">234734000</controlfield>
    <controlfield tag="003">DE-185</controlfield>
    <controlfield tag="007">ta</controlfield>
    <controlfield tag="008">1833                             i|ger</controlfield>
    <datafield tag="041" ind1=" " ind2=" ">
      <subfield code="a">ger</subfield>
    </datafield>
    <datafield tag="084" ind1=" " ind2=" ">
      <subfield code="a">RA05.01 Deutschland</subfield>
    </datafield>
    <datafield tag="225" ind1=" " ind2=" ">
      <subfield code="a">1:288.000</subfield>
      <subfield code="c">E 10°54'00"-E 14°42'00"/N 53°39'00"-N 51°44'00"</subfield>
    </datafield>
    <datafield tag="245" ind1="1" ind2="0">
      <subfield code="a">Karte Vom Regierungs-Bezirke Potsdam</subfield>
      <subfield code="b">aus der Mittelmark, Uckermark und der Priegnitz bestehend</subfield>
      <subfield code="c">Nach eigenen örtlichen Untersuchungen, Aufnahmen und Berichtigungen, und nach der 1810 und 1811 von dem verstorbenen Hauptmanne von Textor und dem Major von Oesfeld ausgeführten trigonometrischen Vermessung zusammengetragen und entworfen von F. B. Engelhardt Königlich Preussischem Geheimen Regierungs-Rathe und Mitgliede des statistischen Büreaus. Gestochen von Wilhelm Bembé</subfield>
    </datafield>
    <datafield tag="250" ind1=" " ind2=" ">
      <subfield code="a">Dritte bis zum Januar 1833 berichtigte Ausgabe</subfield>
    </datafield>
    <datafield tag="260" ind1=" " ind2=" ">
      <subfield code="a">Berlin</subfield>
      <subfield code="b">Simon Schropp &amp; Comp.</subfield>
      <subfield code="c">1833</subfield>
    </datafield>
    <datafield tag="300" ind1=" " ind2=" ">
      <subfield code="a">1 Kt.</subfield>
      <subfield code="b">Grenzen kolor.</subfield>
      <subfield code="c">86 x 73 cm, gefaltet 16 x 23 cm</subfield>
    </datafield>
    <datafield tag="337" ind1=" " ind2=" ">
      <subfield code="a">Karte</subfield>
    </datafield>
    <datafield tag="500" ind1=" " ind2=" ">
      <subfield code="a">Maßstab in graph. Form (Preuss. Meilen, Preuss. Zoll). - Titel oberhalb des Kt.-Feldes. - Maßstab und Legende unterhalb des Kt.-Feldes. - Mit 1 statistischen Tab. - Auf Leinen aufgezogen. - Mit Bergstrichen</subfield>
    </datafield>
    <datafield tag="520" ind1="3" ind2="#">
      <subfield code="a">Regierungsbezirk von Potsdam mit Städten, Wäldern, Flüssen etc.</subfield>
    </datafield>
    <datafield tag="650" ind1=" " ind2="4">
      <subfield code="a">Altkarte</subfield>
    </datafield>
    <datafield tag="651" ind1=" " ind2="4">
      <subfield code="a">Deutschland</subfield>
    </datafield>
    <datafield tag="651" ind1=" " ind2="4">
      <subfield code="a">Brandenburg</subfield>
    </datafield>
    <datafield tag="651" ind1=" " ind2="4">
      <subfield code="a">Potsdam (reg.)</subfield>
    </datafield>
    <datafield tag="700" ind1="2" ind2=" ">
      <subfield code="a">Bembé, Wilhelm</subfield>
    </datafield>
    <datafield tag="700" ind1="2" ind2=" ">
      <subfield code="a">Engelhardt, Friedrich Bernhard</subfield>
    </datafield>
    <datafield tag="700" ind1="2" ind2=" ">
      <subfield code="a">Schropp, Simon</subfield>
    </datafield>
    <datafield tag="700" ind1="2" ind2=" ">
      <subfield code="a">Textor, Johann C. von</subfield>
    </datafield>
    <datafield tag="700" ind1="2" ind2=" ">
      <subfield code="a">Oesfeld, Carl Wilhelm von</subfield>
    </datafield>
    <datafield tag="841" ind1=" " ind2=" ">
      <subfield code="a">em__</subfield>
      <subfield code="b">1833</subfield>
      <subfield code="c">3</subfield>
    </datafield>
    <datafield tag="852" ind1=" " ind2=" ">
      <subfield code="a">DE-185</subfield>
      <subfield code="c">Historische Abteilung</subfield>
      <subfield code="m">HK 0213</subfield>
      <subfield code="t">234734001</subfield>
    </datafield>
    <datafield tag="856" ind1=" " ind2=" ">
      <subfield code="a">https://ifl.wissensbank.com/fastlink.html?search=234734000</subfield>
      <subfield code="3">permalink</subfield>
    </datafield>
    <datafield tag="856" ind1=" " ind2=" ">
      <subfield code="a">https://ifl.wissensbank.com/cgi-bin/starfetch.exe?pGV9OrnjmGwOCDSnXNQyjj8@xyfy4.NHwPkwbE8vfmdmwsTQ@PB.8XKSFVuOm7IwdpZxbSDFXmYx597pB6EWP4OqXGpScARMHADtZQ6N4Ldx6b6h5lVG6P0imamXxih.io.RjJDzqvDetJwwhQUkCA/HK213.jpg</subfield>
      <subfield code="3">file</subfield>
    </datafield>
  </record>