
  <record>
    <leader>01250nem  22002893  4500</leader>
    <controlfield tag="001">234922000</controlfield>
    <controlfield tag="003">DE-185</controlfield>
    <controlfield tag="007">ta</controlfield>
    <controlfield tag="008">1831                             i|ger</controlfield>
    <datafield tag="041" ind1=" " ind2=" ">
      <subfield code="a">ger</subfield>
    </datafield>
    <datafield tag="084" ind1=" " ind2=" ">
      <subfield code="a">RA05.01 Deutschland</subfield>
    </datafield>
    <datafield tag="225" ind1=" " ind2=" ">
      <subfield code="c">E 12°16'36"-E 12°25'55"/N 51°26'25"-N 51°20'06"</subfield>
    </datafield>
    <datafield tag="245" ind1="1" ind2="0">
      <subfield code="a">Schlacht bei Moeckern</subfield>
      <subfield code="b">den 16ten October 1813</subfield>
      <subfield code="c">Lithographie von B. Herder</subfield>
    </datafield>
    <datafield tag="260" ind1=" " ind2=" ">
      <subfield code="a">[Karlsruhe]</subfield>
      <subfield code="b">[Herder'sche Kunst- und Buchhandlung]</subfield>
      <subfield code="c">[1831]</subfield>
    </datafield>
    <datafield tag="300" ind1=" " ind2=" ">
      <subfield code="a">1 Kt.</subfield>
      <subfield code="b">teilw. kolor.</subfield>
      <subfield code="c">44 x 49 cm</subfield>
    </datafield>
    <datafield tag="337" ind1=" " ind2=" ">
      <subfield code="a">Karte</subfield>
    </datafield>
    <datafield tag="500" ind1=" " ind2=" ">
      <subfield code="a">Maßstab in graph. Form (Schritt). - Titel, Zeichenerkl. und Maßstab oberhalb des Kt.-Feldes. - Ohne Kt.-Netz. - Oben rechts: Batailles De L'Age Moderne. 29e feuille. Schlachten Der Neuern Zeit 29tes Blatt. - Relief: Schraffen. - Mit Truppenstellungen. - In Passepartout eingefasst</subfield>
    </datafield>
    <datafield tag="520" ind1="3" ind2="#">
      <subfield code="a">Schlachtenkarte der Region Leipzig</subfield>
    </datafield>
    <datafield tag="650" ind1=" " ind2="4">
      <subfield code="a">Altkarte</subfield>
    </datafield>
    <datafield tag="650" ind1=" " ind2="4">
      <subfield code="a">Themakarte</subfield>
    </datafield>
    <datafield tag="651" ind1=" " ind2="4">
      <subfield code="a">Deutschland</subfield>
    </datafield>
    <datafield tag="651" ind1=" " ind2="4">
      <subfield code="a">Leipzig-Möckern</subfield>
    </datafield>
    <datafield tag="653" ind1="1" ind2=" ">
      <subfield code="a">Krieg/Bürgerkrieg</subfield>
    </datafield>
    <datafield tag="700" ind1="2" ind2=" ">
      <subfield code="a">Herder, Bartholomä</subfield>
    </datafield>
    <datafield tag="841" ind1=" " ind2=" ">
      <subfield code="a">em__</subfield>
      <subfield code="b">1831</subfield>
      <subfield code="c">3</subfield>
    </datafield>
    <datafield tag="852" ind1=" " ind2=" ">
      <subfield code="a">DE-185</subfield>
      <subfield code="c">Historische Abteilung</subfield>
      <subfield code="m">HK 0214</subfield>
      <subfield code="t">234922001</subfield>
    </datafield>
    <datafield tag="856" ind1=" " ind2=" ">
      <subfield code="a">https://ifl.wissensbank.com/fastlink.html?search=234922000</subfield>
      <subfield code="3">permalink</subfield>
    </datafield>
    <datafield tag="856" ind1=" " ind2=" ">
      <subfield code="a">https://ifl.wissensbank.com/cgi-bin/starfetch.exe?U20JeYytDuYM7QAsEc9a9U2ZhFK3YPBXULnnwg9OuCCbq3EXFZ8LgWlaRa3mSTTiFkaKi12RmlMxIlnnYqd5WpGRaUymKOTRi1OxkmELGa8MbJKr9ABO8ATp3vDqp9eudwmTK3V6lS6GAw0ruqJzIw/HK214.jpg</subfield>
      <subfield code="3">file</subfield>
    </datafield>
  </record>