
  <record>
    <leader>01250nem  22002893  4500</leader>
    <controlfield tag="001">234923000</controlfield>
    <controlfield tag="003">DE-185</controlfield>
    <controlfield tag="007">ta</controlfield>
    <controlfield tag="008">1833                             i|ger</controlfield>
    <datafield tag="041" ind1=" " ind2=" ">
      <subfield code="a">ger</subfield>
    </datafield>
    <datafield tag="084" ind1=" " ind2=" ">
      <subfield code="a">RH02 Geographische Räume Asiens</subfield>
    </datafield>
    <datafield tag="225" ind1=" " ind2=" ">
      <subfield code="c">E 66°43'00"-E 129°36'00"/N 59°00'00"-N 19°19'00"</subfield>
    </datafield>
    <datafield tag="245" ind1="1" ind2="0">
      <subfield code="a">Karte von Hoch-Asien</subfield>
      <subfield code="b">zu C. Ritter's Erdkunde, Buch II, Asien Th. 1 &amp; 2</subfield>
      <subfield code="c">bearbeitet von J. L. Grimm. Herausgegeben von C. Ritter und F. A. O'Etzel</subfield>
    </datafield>
    <datafield tag="260" ind1=" " ind2=" ">
      <subfield code="a">Berlin</subfield>
      <subfield code="b">Geographisches Verlags-Comtoir</subfield>
      <subfield code="c">1833</subfield>
    </datafield>
    <datafield tag="300" ind1=" " ind2=" ">
      <subfield code="a">1 Kt.</subfield>
      <subfield code="b">Grenzen kolor.</subfield>
      <subfield code="c">92 x 69 cm, gefaltet 24 x 18 cm</subfield>
    </datafield>
    <datafield tag="337" ind1=" " ind2=" ">
      <subfield code="a">Karte</subfield>
    </datafield>
    <datafield tag="500" ind1=" " ind2=" ">
      <subfield code="a">Ohne Maßstab. - Titel unten links. - Legende oben links. - Mit 1 Nebenkt.: Insel Hai-Nan. - Nullmeridian: Ferro u. Greenwich. - Mit Bergstrichen. - Auf Leinen aufgezogen</subfield>
    </datafield>
    <datafield tag="520" ind1="3" ind2="#">
      <subfield code="a">Zentralasien mit Bergen, Flüssen und Städten</subfield>
    </datafield>
    <datafield tag="650" ind1=" " ind2="4">
      <subfield code="a">Altkarte</subfield>
    </datafield>
    <datafield tag="651" ind1=" " ind2="4">
      <subfield code="a">Hochasien</subfield>
    </datafield>
    <datafield tag="651" ind1=" " ind2="4">
      <subfield code="a">Geographische Räume Asiens (länderübergreifend)</subfield>
    </datafield>
    <datafield tag="700" ind1="2" ind2=" ">
      <subfield code="a">Ritter, Carl</subfield>
    </datafield>
    <datafield tag="700" ind1="2" ind2=" ">
      <subfield code="a">Grimm, Julius Ludwig</subfield>
    </datafield>
    <datafield tag="700" ind1="2" ind2=" ">
      <subfield code="a">Etzel, Franz August von</subfield>
    </datafield>
    <datafield tag="841" ind1=" " ind2=" ">
      <subfield code="a">em__</subfield>
      <subfield code="b">1833</subfield>
      <subfield code="c">3</subfield>
    </datafield>
    <datafield tag="852" ind1=" " ind2=" ">
      <subfield code="a">DE-185</subfield>
      <subfield code="c">Historische Abteilung</subfield>
      <subfield code="m">HK 0215</subfield>
      <subfield code="t">234923001</subfield>
    </datafield>
    <datafield tag="856" ind1=" " ind2=" ">
      <subfield code="a">https://ifl.wissensbank.com/fastlink.html?search=234923000</subfield>
      <subfield code="3">permalink</subfield>
    </datafield>
    <datafield tag="856" ind1=" " ind2=" ">
      <subfield code="a">https://ifl.wissensbank.com/cgi-bin/starfetch.exe?7X2jfXGkkq@zdN9@Hu49W9A.iel8K1B86mN7BHBh9yI2D.RHQbNCINAR.XISHhSjqAlr.IeOxwNhFso0qIId3UC9SZXU7WB3hxLM0fXuttJYWRvG1cbHp.UxbS7xO@q.vNGasB8hNDSe2ZAyDWpafg/HK215.jpg</subfield>
      <subfield code="3">file</subfield>
    </datafield>
  </record>