
  <record>
    <leader>01250nem  22002893  4500</leader>
    <controlfield tag="001">234925000</controlfield>
    <controlfield tag="003">DE-185</controlfield>
    <controlfield tag="007">ta</controlfield>
    <controlfield tag="008">1811                             i|ger</controlfield>
    <datafield tag="041" ind1=" " ind2=" ">
      <subfield code="a">ger</subfield>
    </datafield>
    <datafield tag="084" ind1=" " ind2=" ">
      <subfield code="a">RF03.19 Südafrikanische Republik</subfield>
    </datafield>
    <datafield tag="225" ind1=" " ind2=" ">
      <subfield code="c">E 17°27'00"-E 27°29'00"/S 30°27'00"-S 36°19'00"</subfield>
    </datafield>
    <datafield tag="245" ind1="1" ind2="0">
      <subfield code="a">Karte des europaeischen Gebiets am Vorgebirge Der Guten Hoffnung</subfield>
      <subfield code="c">nach eignen Wahrnehmungen, nach den neuesten auf Befehl der holländischen Regierung angestellten Beobachtungen und den besten älteren Materialien zusammengetragen und entworfen von H. Lichtenstein, nach kleinerem Maassstabe in verbesserter Projection niedergelegt und ausgeführt von H. H. Gottholdt. Gestochen von Carl Mare in Berlin. Gezeichnet von Joseph Jones in der Capstadt und Carl Langner in Berlin</subfield>
    </datafield>
    <datafield tag="260" ind1=" " ind2=" ">
      <subfield code="a">Berlin</subfield>
      <subfield code="b">Carl Salfeld</subfield>
      <subfield code="c">1811</subfield>
    </datafield>
    <datafield tag="300" ind1=" " ind2=" ">
      <subfield code="a">1 Kt.</subfield>
      <subfield code="b">unkolor.</subfield>
      <subfield code="c">60 x 46 cm, gefaltet 22 x 13 cm</subfield>
    </datafield>
    <datafield tag="337" ind1=" " ind2=" ">
      <subfield code="a">Karte</subfield>
    </datafield>
    <datafield tag="500" ind1=" " ind2=" ">
      <subfield code="a">Ohne Maßstab. - Titel oben Mitte. - Nullmeridian: Ferro. - Mit Bergstrichen u. Tiefenangaben. - Auf Leinen aufgezogen</subfield>
    </datafield>
    <datafield tag="520" ind1="3" ind2="#">
      <subfield code="a">Kapprovinz mit Städten, Flüssen, Bergen etc.</subfield>
    </datafield>
    <datafield tag="650" ind1=" " ind2="4">
      <subfield code="a">Altkarte</subfield>
    </datafield>
    <datafield tag="650" ind1=" " ind2="4">
      <subfield code="a">Kolonie</subfield>
    </datafield>
    <datafield tag="651" ind1=" " ind2="4">
      <subfield code="a">Südafrika</subfield>
    </datafield>
    <datafield tag="651" ind1=" " ind2="4">
      <subfield code="a">Cape</subfield>
    </datafield>
    <datafield tag="700" ind1="2" ind2=" ">
      <subfield code="a">Jones, Joseph</subfield>
    </datafield>
    <datafield tag="700" ind1="2" ind2=" ">
      <subfield code="a">Langner, Carl</subfield>
    </datafield>
    <datafield tag="700" ind1="2" ind2=" ">
      <subfield code="a">Salfeld, Carl</subfield>
    </datafield>
    <datafield tag="700" ind1="2" ind2=" ">
      <subfield code="a">Gottholdt, H. H.</subfield>
    </datafield>
    <datafield tag="700" ind1="2" ind2=" ">
      <subfield code="a">Lichtenstein, Hinrich</subfield>
    </datafield>
    <datafield tag="700" ind1="2" ind2=" ">
      <subfield code="a">Mare, Carl</subfield>
    </datafield>
    <datafield tag="841" ind1=" " ind2=" ">
      <subfield code="a">em__</subfield>
      <subfield code="b">1811</subfield>
      <subfield code="c">3</subfield>
    </datafield>
    <datafield tag="852" ind1=" " ind2=" ">
      <subfield code="a">DE-185</subfield>
      <subfield code="c">Historische Abteilung</subfield>
      <subfield code="m">HK 0216</subfield>
      <subfield code="t">234925001</subfield>
    </datafield>
    <datafield tag="856" ind1=" " ind2=" ">
      <subfield code="a">https://ifl.wissensbank.com/fastlink.html?search=234925000</subfield>
      <subfield code="3">permalink</subfield>
    </datafield>
    <datafield tag="856" ind1=" " ind2=" ">
      <subfield code="a">https://ifl.wissensbank.com/cgi-bin/starfetch.exe?oCgIPMp253OQzk@iOr9RirnnW.y0zBK84KgUrMChB.hHPwIxTarqr2hKu2MYaff0X3B7rpWRlP21C7bUvQAhlwqP8L70N@xd9vReMfzWsSKL5RbPFMgOH1f4RWDhzZqykU9qR2.KSfYEcpD1vMgSxw/HK216.jpg</subfield>
      <subfield code="3">file</subfield>
    </datafield>
  </record>