
  <record>
    <leader>01250nem  22002893  4500</leader>
    <controlfield tag="001">234943000</controlfield>
    <controlfield tag="003">DE-185</controlfield>
    <controlfield tag="007">ta</controlfield>
    <controlfield tag="008">1794                             i|ger</controlfield>
    <datafield tag="041" ind1=" " ind2=" ">
      <subfield code="a">ger</subfield>
    </datafield>
    <datafield tag="084" ind1=" " ind2=" ">
      <subfield code="a">RA05.01 Deutschland</subfield>
    </datafield>
    <datafield tag="225" ind1=" " ind2=" ">
      <subfield code="c">E 10°32'00"-E 13°55'00"/N 54°18'00"-N 52°58'00"</subfield>
    </datafield>
    <datafield tag="245" ind1="1" ind2="0">
      <subfield code="a">Karte Des Herzogthums Mecklenburg mit seinen verschiedenen Provinzen</subfield>
      <subfield code="b">als, des eigentlichen Herzogthums Mecklenburg, der Fürstenthümer Wenden, Schwerin Razeburg, der Grafschaft Schwerin, und der Herrschaften Rostock und Stargard, wie auch der Herrschaft Wismar, des Schwedischen Pommern und der Insel Rügen, nebst einem Theile der angrenzenden Preussischen, Hannöverischen, Hollsteinischen und Lübeckischen Länder ; Seiner Durchlaucht dem regierenden Herzog Friedrich von Mecklenburg Schwerin zugeeignet</subfield>
      <subfield code="c">durch F. W. C. Grafen von Schmettau königl. Preuss. General-Major und Comandeur des königl. Schwedischen grossen Schwerd Ordens</subfield>
    </datafield>
    <datafield tag="260" ind1=" " ind2=" ">
      <subfield code="a">Berlin</subfield>
      <subfield code="c">1794</subfield>
    </datafield>
    <datafield tag="300" ind1=" " ind2=" ">
      <subfield code="a">1 Kt.</subfield>
      <subfield code="b">Grenzen kolor.</subfield>
      <subfield code="c">94 x 66 cm</subfield>
    </datafield>
    <datafield tag="337" ind1=" " ind2=" ">
      <subfield code="a">Karte</subfield>
    </datafield>
    <datafield tag="500" ind1=" " ind2=" ">
      <subfield code="a">Maßstab in graph. Form (ordinaire teutsche Meilen). - Titel oben links. - Erl., Legende und Ämterverz. unten links. - Nullmeridian: Ferro. - Mit Bergstrichen</subfield>
    </datafield>
    <datafield tag="520" ind1="3" ind2="#">
      <subfield code="a">Herzogtum Mecklenburg mit Städten, Ämtern etc.</subfield>
    </datafield>
    <datafield tag="650" ind1=" " ind2="4">
      <subfield code="a">Altkarte</subfield>
    </datafield>
    <datafield tag="650" ind1=" " ind2="4">
      <subfield code="a">Politische Karte</subfield>
    </datafield>
    <datafield tag="651" ind1=" " ind2="4">
      <subfield code="a">Deutschland</subfield>
    </datafield>
    <datafield tag="651" ind1=" " ind2="4">
      <subfield code="a">Mecklenburg</subfield>
    </datafield>
    <datafield tag="700" ind1="2" ind2=" ">
      <subfield code="a">Schmettau, Friedrich Wilhelm Karl von</subfield>
    </datafield>
    <datafield tag="841" ind1=" " ind2=" ">
      <subfield code="a">em__</subfield>
      <subfield code="b">1794</subfield>
      <subfield code="c">3</subfield>
    </datafield>
    <datafield tag="852" ind1=" " ind2=" ">
      <subfield code="a">DE-185</subfield>
      <subfield code="c">Historische Abteilung</subfield>
      <subfield code="m">HK 0219</subfield>
      <subfield code="t">234943001</subfield>
    </datafield>
    <datafield tag="856" ind1=" " ind2=" ">
      <subfield code="a">https://ifl.wissensbank.com/fastlink.html?search=234943000</subfield>
      <subfield code="3">permalink</subfield>
    </datafield>
    <datafield tag="856" ind1=" " ind2=" ">
      <subfield code="a">https://ifl.wissensbank.com/cgi-bin/starfetch.exe?5@1YDEXIlCOc@9KanjXMYZf@cIKb@nw3YEHg.AxkEtS@j2QdwxhedvDBSMzYFF678ohATwDhnv5iXJubgcg@.XAsfpgZUjBtrTwI2G14yh8LtB1DuexRGVQZofbg@NhkDwHtbbAH.0TRjuEfVgJlwQ/HK219.jpg</subfield>
      <subfield code="3">file</subfield>
    </datafield>
  </record>