
  <record>
    <leader>01250nem  22002893  4500</leader>
    <controlfield tag="001">234956000</controlfield>
    <controlfield tag="003">DE-185</controlfield>
    <controlfield tag="007">ta</controlfield>
    <controlfield tag="008">1773                             i|ger</controlfield>
    <datafield tag="041" ind1=" " ind2=" ">
      <subfield code="a">ger</subfield>
    </datafield>
    <datafield tag="084" ind1=" " ind2=" ">
      <subfield code="a">RA05.05 Historische deutsche Gebiete</subfield>
    </datafield>
    <datafield tag="225" ind1=" " ind2=" ">
      <subfield code="c">E 16°34'39"-E 16°35'01"/N 50°43'02"-N 50°42'50"</subfield>
    </datafield>
    <datafield tag="245" ind1="1" ind2="0">
      <subfield code="a">Grundlage des Hoch Gräfl. Stolb. Wernigeröd. Schloßes, Nebengebäuden und Gärten zu Peterswaldau in Schlesien</subfield>
      <subfield code="c">Gemessen von J. L. Kreÿsern[?], a[nn]o 1765, und copüret von F. G. Erck[?], a[nn]o 1773</subfield>
    </datafield>
    <datafield tag="260" ind1=" " ind2=" ">
      <subfield code="a">[S.l.]</subfield>
      <subfield code="c">1773</subfield>
    </datafield>
    <datafield tag="300" ind1=" " ind2=" ">
      <subfield code="a">1 Kt.</subfield>
      <subfield code="b">teilw. kolor.</subfield>
      <subfield code="c">65 x 52 cm</subfield>
    </datafield>
    <datafield tag="337" ind1=" " ind2=" ">
      <subfield code="a">Karte</subfield>
    </datafield>
    <datafield tag="500" ind1=" " ind2=" ">
      <subfield code="a">Handgezeichnet. - Maßstab in graph. Form (Breßlauer Ehlen). - Titelkartusche unten rechts. - Maßstab unten links. - Mit Gebäudekennzeichnung. - Legende oben rechts. - Süd-Ost oben</subfield>
    </datafield>
    <datafield tag="520" ind1="3" ind2="#">
      <subfield code="a">Plan des Schlosses Peterswaldau</subfield>
    </datafield>
    <datafield tag="650" ind1=" " ind2="4">
      <subfield code="a">Altkarte</subfield>
    </datafield>
    <datafield tag="651" ind1=" " ind2="4">
      <subfield code="a">Pieszyce (Peterswaldau)</subfield>
    </datafield>
    <datafield tag="653" ind1="1" ind2=" ">
      <subfield code="a">Schloss</subfield>
    </datafield>
    <datafield tag="841" ind1=" " ind2=" ">
      <subfield code="a">em__</subfield>
      <subfield code="b">1773</subfield>
      <subfield code="c">3</subfield>
    </datafield>
    <datafield tag="852" ind1=" " ind2=" ">
      <subfield code="a">DE-185</subfield>
      <subfield code="c">Historische Abteilung</subfield>
      <subfield code="m">HK 0631</subfield>
      <subfield code="t">234956001</subfield>
    </datafield>
    <datafield tag="856" ind1=" " ind2=" ">
      <subfield code="a">https://ifl.wissensbank.com/fastlink.html?search=234956000</subfield>
      <subfield code="3">permalink</subfield>
    </datafield>
    <datafield tag="856" ind1=" " ind2=" ">
      <subfield code="a">https://ifl.wissensbank.com/cgi-bin/starfetch.exe?4lbuQ3z0XAnsjva@uXDKKhFmWzMfS.Ld2Iuz2q1e@VCXta9ts3n2CtarsvN56C@3Mj5XeeC2LvT0rkzplXCClTNivSBPz6f7bWtVB6Bn3StlFktGqcu0sI375NQcdCf3UrPgf0IGimIoERXmNXaGeQ/HK631.jpg</subfield>
      <subfield code="3">file</subfield>
    </datafield>
  </record>