
  <record>
    <leader>01250nem  22002893  4500</leader>
    <controlfield tag="001">234958000</controlfield>
    <controlfield tag="003">DE-185</controlfield>
    <controlfield tag="007">ta</controlfield>
    <controlfield tag="008">1830                             i|ger</controlfield>
    <datafield tag="041" ind1=" " ind2=" ">
      <subfield code="a">ger</subfield>
    </datafield>
    <datafield tag="084" ind1=" " ind2=" ">
      <subfield code="a">RA05.01 Deutschland</subfield>
    </datafield>
    <datafield tag="225" ind1=" " ind2=" ">
      <subfield code="c">E 12°11'17"-E 12°36'13"/N 51°27'15"-N 51°11'02"</subfield>
    </datafield>
    <datafield tag="245" ind1="1" ind2="0">
      <subfield code="a">Schlacht bei Leipzig</subfield>
      <subfield code="b">den 16, 17, 18 und 19ten October 1813 ; 1tes Blatt</subfield>
    </datafield>
    <datafield tag="260" ind1=" " ind2=" ">
      <subfield code="a">Freiburg in Breisgau</subfield>
      <subfield code="b">B. Herder</subfield>
      <subfield code="c">[nach 1830]</subfield>
    </datafield>
    <datafield tag="300" ind1=" " ind2=" ">
      <subfield code="a">1 Kt.</subfield>
      <subfield code="b">teilw. kolor.</subfield>
      <subfield code="c">48 x 59 cm</subfield>
    </datafield>
    <datafield tag="337" ind1=" " ind2=" ">
      <subfield code="a">Karte</subfield>
    </datafield>
    <datafield tag="500" ind1=" " ind2=" ">
      <subfield code="a">Maßstab in graph. Form (Schritte). - Titel und Erkl. der Farben oben links. - Maßstab oben rechts. - Mit Truppenstellungen und Marschrouten. - Oben rechts: Schlachten Der Neuern Zeit 178tes Blatt. - Mit Bergstrichen. - In Passepartout eingefasst. - Nord-West oben. - Ohne Kt.-Netz</subfield>
    </datafield>
    <datafield tag="520" ind1="3" ind2="#">
      <subfield code="a">Schlachtenkarte der Region Leipzig 1813</subfield>
    </datafield>
    <datafield tag="650" ind1=" " ind2="4">
      <subfield code="a">Altkarte</subfield>
    </datafield>
    <datafield tag="650" ind1=" " ind2="4">
      <subfield code="a">Themakarte</subfield>
    </datafield>
    <datafield tag="651" ind1=" " ind2="4">
      <subfield code="a">Deutschland</subfield>
    </datafield>
    <datafield tag="651" ind1=" " ind2="4">
      <subfield code="a">Leipzig (reg.)</subfield>
    </datafield>
    <datafield tag="653" ind1="1" ind2=" ">
      <subfield code="a">Krieg/Bürgerkrieg</subfield>
    </datafield>
    <datafield tag="700" ind1="2" ind2=" ">
      <subfield code="a">Herder, Benjamin</subfield>
    </datafield>
    <datafield tag="841" ind1=" " ind2=" ">
      <subfield code="a">em__</subfield>
      <subfield code="b">1830</subfield>
      <subfield code="c">3</subfield>
    </datafield>
    <datafield tag="852" ind1=" " ind2=" ">
      <subfield code="a">DE-185</subfield>
      <subfield code="c">Historische Abteilung</subfield>
      <subfield code="m">HK 0633</subfield>
      <subfield code="t">234958001</subfield>
    </datafield>
    <datafield tag="856" ind1=" " ind2=" ">
      <subfield code="a">https://ifl.wissensbank.com/fastlink.html?search=234958000</subfield>
      <subfield code="3">permalink</subfield>
    </datafield>
    <datafield tag="856" ind1=" " ind2=" ">
      <subfield code="a">https://ifl.wissensbank.com/cgi-bin/starfetch.exe?1bWa9VuBEeibQBArRWRdWxZKHi95wqeq7VoTLBdgUouhFCjq6OFs8CHbGTR98AFtrVqiaUefESFViQ3gGCZ6Fmjs77qriMJaL6qF1bJ2RqJMdN9k358XJ@wnw4ZlyTvX.E595aE2h@iEHa4r.pITBQ/HK633.jpg</subfield>
      <subfield code="3">file</subfield>
    </datafield>
  </record>