
  <record>
    <leader>01250nem  22002893  4500</leader>
    <controlfield tag="001">234960000</controlfield>
    <controlfield tag="003">DE-185</controlfield>
    <controlfield tag="007">ta</controlfield>
    <controlfield tag="008">1752                             i|ger</controlfield>
    <datafield tag="041" ind1=" " ind2=" ">
      <subfield code="a">ger</subfield>
    </datafield>
    <datafield tag="084" ind1=" " ind2=" ">
      <subfield code="a">RA05.01 Deutschland</subfield>
    </datafield>
    <datafield tag="225" ind1=" " ind2=" ">
      <subfield code="c">E 12°06'10"-E 12°38'20"/N 51°30'03"-N 51°09'53"</subfield>
    </datafield>
    <datafield tag="245" ind1="1" ind2="0">
      <subfield code="a">Geographischer Entwurff des Amtes Leipzig</subfield>
      <subfield code="b">nebst etlichen angräntzenden Orthen und Gegenden ; mit Königl. und Churfurstl. Sächss. Previlegio</subfield>
      <subfield code="c">Gestochen von P. Schenk Iun.</subfield>
    </datafield>
    <datafield tag="260" ind1=" " ind2=" ">
      <subfield code="a">Amsterdam</subfield>
      <subfield code="c">[ca. 1752]</subfield>
    </datafield>
    <datafield tag="300" ind1=" " ind2=" ">
      <subfield code="a">1 Kt.</subfield>
      <subfield code="b">teilw. kolor.</subfield>
      <subfield code="c">47 x 50 cm</subfield>
    </datafield>
    <datafield tag="337" ind1=" " ind2=" ">
      <subfield code="a">Karte</subfield>
    </datafield>
    <datafield tag="500" ind1=" " ind2=" ">
      <subfield code="a">Maßstab in graph. Form (Teutsche Meile). - Titelkartusche und Maßstab unten links. - Erläuterungskartusche oben links. - Mit 1 Ortsregister auf dem Kt.-Rand. - Ohne Relief. - In Passepartout eingefasst. - Mit Suchnetz. - Vermutlich auch als Bl. 14 in: Schenk, Pieter: Neuer Saechsischer Atlas</subfield>
    </datafield>
    <datafield tag="520" ind1="3" ind2="#">
      <subfield code="a">Umgebung von Leipzig mit Flüssen, Städten etc.</subfield>
    </datafield>
    <datafield tag="650" ind1=" " ind2="4">
      <subfield code="a">Altkarte</subfield>
    </datafield>
    <datafield tag="651" ind1=" " ind2="4">
      <subfield code="a">Deutschland</subfield>
    </datafield>
    <datafield tag="651" ind1=" " ind2="4">
      <subfield code="a">Leipzig (reg.)</subfield>
    </datafield>
    <datafield tag="700" ind1="2" ind2=" ">
      <subfield code="a">Schenk, Pieter (der Jüngere)</subfield>
    </datafield>
    <datafield tag="841" ind1=" " ind2=" ">
      <subfield code="a">em__</subfield>
      <subfield code="b">1752</subfield>
      <subfield code="c">3</subfield>
    </datafield>
    <datafield tag="852" ind1=" " ind2=" ">
      <subfield code="a">DE-185</subfield>
      <subfield code="c">Historische Abteilung</subfield>
      <subfield code="m">HK 0634</subfield>
      <subfield code="t">234960001</subfield>
    </datafield>
    <datafield tag="856" ind1=" " ind2=" ">
      <subfield code="a">https://ifl.wissensbank.com/fastlink.html?search=234960000</subfield>
      <subfield code="3">permalink</subfield>
    </datafield>
    <datafield tag="856" ind1=" " ind2=" ">
      <subfield code="a">https://ifl.wissensbank.com/cgi-bin/starfetch.exe?m5aXPD7oA2BjdFcE0Et@v5oJNEjxKQgVP59D0JztVGx9IwCEHcYITZ0ta@0OHvXdemMuhoiYfpWkI3XlfyEcT@UntTPnI8CZa3wA36qIjGs2AY8YA2IhNy5.QdMCGbdZ6n0nk@30T5QUtfyhA4CKXQ/HK634.jpg</subfield>
      <subfield code="3">file</subfield>
    </datafield>
  </record>