
  <record>
    <leader>01250nem  22002893  4500</leader>
    <controlfield tag="001">234970000</controlfield>
    <controlfield tag="003">DE-185</controlfield>
    <controlfield tag="007">ta</controlfield>
    <controlfield tag="008">1869                             i|ger</controlfield>
    <datafield tag="041" ind1=" " ind2=" ">
      <subfield code="a">ger</subfield>
    </datafield>
    <datafield tag="084" ind1=" " ind2=" ">
      <subfield code="a">RA05.01 Deutschland</subfield>
    </datafield>
    <datafield tag="225" ind1=" " ind2=" ">
      <subfield code="a">1:4 000</subfield>
      <subfield code="c">E 12°28'46"-E 12°30'39"/N 51°21'31"-N 51°20'06"</subfield>
    </datafield>
    <datafield tag="245" ind1="1" ind2="0">
      <subfield code="a">Kroki der Flur Sommerfeld</subfield>
      <subfield code="b">Grundbesitz der Stadtgemeinde Leipzig ; Flurstücke Nr. 58, 61, 62, 65, 115, 116, 118, 124, 145, 240, 241, 242, 243, 262, 263, 264, 265, 266, 267, 268, 269, 270, 272, 273, 274</subfield>
    </datafield>
    <datafield tag="260" ind1=" " ind2=" ">
      <subfield code="a">[Leipzig]</subfield>
      <subfield code="c">[nach 1869]</subfield>
    </datafield>
    <datafield tag="300" ind1=" " ind2=" ">
      <subfield code="a">1 Kt.</subfield>
      <subfield code="b">unkolor.</subfield>
      <subfield code="c">Blattgr. 80 x 100 cm</subfield>
    </datafield>
    <datafield tag="337" ind1=" " ind2=" ">
      <subfield code="a">Karte</subfield>
    </datafield>
    <datafield tag="500" ind1=" " ind2=" ">
      <subfield code="a">Titel und Maßstab unten links. - Ohne Relief. - Mit Grundstückskennzeichnung</subfield>
    </datafield>
    <datafield tag="520" ind1="3" ind2="#">
      <subfield code="a">Geländezeichnung von Sommerfeld</subfield>
    </datafield>
    <datafield tag="650" ind1=" " ind2="4">
      <subfield code="a">Altkarte</subfield>
    </datafield>
    <datafield tag="650" ind1=" " ind2="4">
      <subfield code="a">Katasterplan</subfield>
    </datafield>
    <datafield tag="651" ind1=" " ind2="4">
      <subfield code="a">Deutschland</subfield>
    </datafield>
    <datafield tag="651" ind1=" " ind2="4">
      <subfield code="a">Leipzig-Sommerfeld</subfield>
    </datafield>
    <datafield tag="841" ind1=" " ind2=" ">
      <subfield code="a">em__</subfield>
      <subfield code="b">1869</subfield>
      <subfield code="c">3</subfield>
    </datafield>
    <datafield tag="852" ind1=" " ind2=" ">
      <subfield code="a">DE-185</subfield>
      <subfield code="c">Historische Abteilung</subfield>
      <subfield code="m">HK 0632</subfield>
      <subfield code="t">234970001</subfield>
    </datafield>
    <datafield tag="856" ind1=" " ind2=" ">
      <subfield code="a">https://ifl.wissensbank.com/fastlink.html?search=234970000</subfield>
      <subfield code="3">permalink</subfield>
    </datafield>
    <datafield tag="856" ind1=" " ind2=" ">
      <subfield code="a">https://ifl.wissensbank.com/cgi-bin/starfetch.exe?SLAbq@LuwpSsnDXj@PbubmAFVK4NJRtEUd3ACm7s..IoItFlHZNAg6c0sXFA@FrV4j39d4utUR@SUGQMnakJYNE0dOVyh0KCFYndgIoMpkOFXgPyiCJtzEEM34Pi3TMRe8o6HHghdmYn82rE@LLy@Q/HK632.jpg</subfield>
      <subfield code="3">file</subfield>
    </datafield>
  </record>