
  <record>
    <leader>01250nem  22002893  4500</leader>
    <controlfield tag="001">235241000</controlfield>
    <controlfield tag="003">DE-185</controlfield>
    <controlfield tag="007">ta</controlfield>
    <controlfield tag="008">1786                             i|ger</controlfield>
    <datafield tag="041" ind1=" " ind2=" ">
      <subfield code="a">ger</subfield>
    </datafield>
    <datafield tag="084" ind1=" " ind2=" ">
      <subfield code="a">RA09 Andere Länder/Gebiete Europas</subfield>
    </datafield>
    <datafield tag="225" ind1=" " ind2=" ">
      <subfield code="c">E 6°41'00"-E 10°30'00"/N 51°44'00"-N 47°20'00"</subfield>
    </datafield>
    <datafield tag="245" ind1="1" ind2="0">
      <subfield code="a">[Der Oberrheinische Kreis]</subfield>
      <subfield code="b">[Mit Röm. Kayserl. Allergnäd. Freyheit]</subfield>
      <subfield code="c">[Nach seinen Unterabtheilungen entworfen von F. L. Güssefeld]</subfield>
    </datafield>
    <datafield tag="260" ind1=" " ind2=" ">
      <subfield code="a">Nuremberg</subfield>
      <subfield code="b">[Homännische Erben]</subfield>
      <subfield code="c">1786</subfield>
    </datafield>
    <datafield tag="300" ind1=" " ind2=" ">
      <subfield code="a">1 Kt.</subfield>
      <subfield code="b">teilw. kolor.</subfield>
      <subfield code="c">46 x 28 cm</subfield>
    </datafield>
    <datafield tag="337" ind1=" " ind2=" ">
      <subfield code="a">Karte</subfield>
    </datafield>
    <datafield tag="500" ind1=" " ind2=" ">
      <subfield code="a">Karte beschädigt, nur obere Hälfte vorhanden. - NE oben. - Mit 1 Nebenkt.: Charte über die am Ober-Rhein zerstreut liegende Länder des Ober-Rheinischen Kreises. - Maßstab in graph. Form (Deutsche od. Geographische Meilen, Stundenweges). - Nullmeridian: Ferro. - Relief: Einzelbergen. - Parallelt. oberhalb des Kt.-Feldes</subfield>
    </datafield>
    <datafield tag="520" ind1="3" ind2="#">
      <subfield code="a">Der Oberrheinische Reichskreis mit Städten, Gebirgen, Flüssen etc.</subfield>
    </datafield>
    <datafield tag="541" ind1=" " ind2=" ">
      <subfield code="a">Nachlass Maull, Otto</subfield>
    </datafield>
    <datafield tag="650" ind1=" " ind2="4">
      <subfield code="a">Altkarte</subfield>
    </datafield>
    <datafield tag="651" ind1=" " ind2="4">
      <subfield code="a">Oberrhein</subfield>
    </datafield>
    <datafield tag="700" ind1="2" ind2=" ">
      <subfield code="a">Homann, ...</subfield>
    </datafield>
    <datafield tag="700" ind1="2" ind2=" ">
      <subfield code="a">Güssefeld, Franz Ludwig</subfield>
    </datafield>
    <datafield tag="841" ind1=" " ind2=" ">
      <subfield code="a">em__</subfield>
      <subfield code="b">1786</subfield>
      <subfield code="c">3</subfield>
    </datafield>
    <datafield tag="852" ind1=" " ind2=" ">
      <subfield code="a">DE-185</subfield>
      <subfield code="c">Historische Abteilung</subfield>
      <subfield code="m">HK 0636</subfield>
      <subfield code="t">235241001</subfield>
    </datafield>
    <datafield tag="856" ind1=" " ind2=" ">
      <subfield code="a">https://ifl.wissensbank.com/fastlink.html?search=235241000</subfield>
      <subfield code="3">permalink</subfield>
    </datafield>
    <datafield tag="856" ind1=" " ind2=" ">
      <subfield code="a">https://ifl.wissensbank.com/cgi-bin/starfetch.exe?Qnh0JKbG3VekxPD@jRGpl.gm7DgUFP9pLItHV1z7sVJ25c3dQ1cV@WaV9DBM8ydNuuzf7e8OFTCCKCYTFmXbH696TF7JArb1mwHPR3jHp8W3kmNPzQw3dbyiYYYB3NccADq9T@pTxVUd79@JUctVvw/HK636.jpg</subfield>
      <subfield code="3">file</subfield>
    </datafield>
  </record>