
  <record>
    <leader>01250nem  22002893  4500</leader>
    <controlfield tag="001">235247000</controlfield>
    <controlfield tag="003">DE-185</controlfield>
    <controlfield tag="007">ta</controlfield>
    <controlfield tag="008">1659                             i|dut</controlfield>
    <datafield tag="041" ind1=" " ind2=" ">
      <subfield code="a">dut</subfield>
    </datafield>
    <datafield tag="084" ind1=" " ind2=" ">
      <subfield code="a">RA04.06 Frankreich</subfield>
    </datafield>
    <datafield tag="225" ind1=" " ind2=" ">
      <subfield code="c">E 2°17'00"-E 3°43'00"/N 51°39'00"-N 50°57'00"</subfield>
    </datafield>
    <datafield tag="245" ind1="1" ind2="0">
      <subfield code="a">[Afbeeldinghe vande vermaerde seehaven ende stadt van Duynkercken met der omliggende plaetsen sanden ende droochten]</subfield>
      <subfield code="c">[afgeteeckent door Capiteijn Pieter Codde van Enchuysen]</subfield>
    </datafield>
    <datafield tag="260" ind1=" " ind2=" ">
      <subfield code="a">[Amstelodami]</subfield>
      <subfield code="b">[Ioannes Ianssonius]</subfield>
      <subfield code="c">[ca. 1659]</subfield>
    </datafield>
    <datafield tag="300" ind1=" " ind2=" ">
      <subfield code="a">1 Kt.</subfield>
      <subfield code="b">kolor.</subfield>
      <subfield code="c">26 x 44 cm</subfield>
    </datafield>
    <datafield tag="337" ind1=" " ind2=" ">
      <subfield code="a">Karte</subfield>
    </datafield>
    <datafield tag="500" ind1=" " ind2=" ">
      <subfield code="a">Karte beschädigt, nur linker Teil vorhanden. - Vermutlich aus: Novus Atlas ; 2 / Jansson, Jan. - Maßstab in graph. Form (ghemeene Duytsche Mijle, Une Lieu Commune). - S oben. - Relief: Einzelberge. - Mit 1 Text auf der Rückseite: Dvinkerka</subfield>
    </datafield>
    <datafield tag="520" ind1="3" ind2="#">
      <subfield code="a">Küstenkarte der Region um Dünkirchen</subfield>
    </datafield>
    <datafield tag="541" ind1=" " ind2=" ">
      <subfield code="a">Nachlass Maull, Otto</subfield>
    </datafield>
    <datafield tag="650" ind1=" " ind2="4">
      <subfield code="a">Altkarte</subfield>
    </datafield>
    <datafield tag="650" ind1=" " ind2="4">
      <subfield code="a">Seekarte</subfield>
    </datafield>
    <datafield tag="650" ind1=" " ind2="4">
      <subfield code="a">Küste</subfield>
    </datafield>
    <datafield tag="650" ind1=" " ind2="4">
      <subfield code="a">Meer</subfield>
    </datafield>
    <datafield tag="651" ind1=" " ind2="4">
      <subfield code="a">Frankreich</subfield>
    </datafield>
    <datafield tag="651" ind1=" " ind2="4">
      <subfield code="a">Dunkerque</subfield>
    </datafield>
    <datafield tag="651" ind1=" " ind2="4">
      <subfield code="a">Ärmelkanal</subfield>
    </datafield>
    <datafield tag="700" ind1="2" ind2=" ">
      <subfield code="a">Jansson, Jan</subfield>
    </datafield>
    <datafield tag="700" ind1="2" ind2=" ">
      <subfield code="a">Codde, Pieter</subfield>
    </datafield>
    <datafield tag="841" ind1=" " ind2=" ">
      <subfield code="a">em__</subfield>
      <subfield code="b">1659</subfield>
      <subfield code="c">3</subfield>
    </datafield>
    <datafield tag="852" ind1=" " ind2=" ">
      <subfield code="a">DE-185</subfield>
      <subfield code="c">Historische Abteilung</subfield>
      <subfield code="m">HK 0637</subfield>
      <subfield code="t">235247001</subfield>
    </datafield>
    <datafield tag="856" ind1=" " ind2=" ">
      <subfield code="a">https://ifl.wissensbank.com/fastlink.html?search=235247000</subfield>
      <subfield code="3">permalink</subfield>
    </datafield>
    <datafield tag="856" ind1=" " ind2=" ">
      <subfield code="a">https://ifl.wissensbank.com/cgi-bin/starfetch.exe?Hgfqu8EW3v.U0L8ZxGV5UINwSjnrWGzNjWBGiB55fwyq@gnpyEPR43acgm10RRlcmHJ6pLZpZ2BGGyfGmLQSGhs60OF1d0nVryTbuTjo.jjSx@9vHjuCiuDV9Z3POyZVx9bPXt09KTAEGMBqTZ3Mbw/HK637.jpg</subfield>
      <subfield code="3">file</subfield>
    </datafield>
  </record>