
  <record>
    <leader>01250nem  22002893  4500</leader>
    <controlfield tag="001">235249000</controlfield>
    <controlfield tag="003">DE-185</controlfield>
    <controlfield tag="007">ta</controlfield>
    <controlfield tag="008">1658                             i|fre</controlfield>
    <datafield tag="041" ind1=" " ind2=" ">
      <subfield code="a">fre</subfield>
    </datafield>
    <datafield tag="084" ind1=" " ind2=" ">
      <subfield code="a">RA04.06 Frankreich</subfield>
    </datafield>
    <datafield tag="225" ind1=" " ind2=" ">
      <subfield code="c">E 1°58'51"-E 2°09'21"/N 51°02'01"-N 50°50'01"</subfield>
    </datafield>
    <datafield tag="245" ind1="1" ind2="0">
      <subfield code="a">Le Gouvernement De Calais &amp; Païs Reconquis</subfield>
      <subfield code="b">[[gewidmet] Corn. De Glarges]</subfield>
      <subfield code="c">[Hanc tab. dat dicat Joann. Janssonius]</subfield>
    </datafield>
    <datafield tag="260" ind1=" " ind2=" ">
      <subfield code="a">[Amstelodami]</subfield>
      <subfield code="b">[Ioannes Ianssonius]</subfield>
      <subfield code="c">[ca. 1658]</subfield>
    </datafield>
    <datafield tag="300" ind1=" " ind2=" ">
      <subfield code="a">1 Kt.</subfield>
      <subfield code="b">teilw. kolor.</subfield>
      <subfield code="c">25 x 40 cm</subfield>
    </datafield>
    <datafield tag="337" ind1=" " ind2=" ">
      <subfield code="a">Karte</subfield>
    </datafield>
    <datafield tag="500" ind1=" " ind2=" ">
      <subfield code="a">Karte beschädigt, nur linker Teil vorhanden. - Vermutlich aus: Novus Atlas ; 8 / Jansson, Jan. - Maßstab in graph. Form (Milliaria Gallica communia). - Titel- und Maßstabskartusche unten links. - Relief: Einzelberge. - S oben. - Mit 1 Text auf Rückseite: Provincia Calesii, &amp; Ditio Bello Restituta</subfield>
    </datafield>
    <datafield tag="520" ind1="3" ind2="#">
      <subfield code="a">Gouvernement Calais mit Städten, Flüssen etc.</subfield>
    </datafield>
    <datafield tag="541" ind1=" " ind2=" ">
      <subfield code="a">Nachlass Maull, Otto</subfield>
    </datafield>
    <datafield tag="650" ind1=" " ind2="4">
      <subfield code="a">Altkarte</subfield>
    </datafield>
    <datafield tag="651" ind1=" " ind2="4">
      <subfield code="a">Frankreich</subfield>
    </datafield>
    <datafield tag="651" ind1=" " ind2="4">
      <subfield code="a">Calais (reg.)</subfield>
    </datafield>
    <datafield tag="700" ind1="2" ind2=" ">
      <subfield code="a">Jansson, Jan</subfield>
    </datafield>
    <datafield tag="841" ind1=" " ind2=" ">
      <subfield code="a">em__</subfield>
      <subfield code="b">1658</subfield>
      <subfield code="c">3</subfield>
    </datafield>
    <datafield tag="852" ind1=" " ind2=" ">
      <subfield code="a">DE-185</subfield>
      <subfield code="c">Historische Abteilung</subfield>
      <subfield code="m">HK 0638</subfield>
      <subfield code="t">235249001</subfield>
    </datafield>
    <datafield tag="856" ind1=" " ind2=" ">
      <subfield code="a">https://ifl.wissensbank.com/fastlink.html?search=235249000</subfield>
      <subfield code="3">permalink</subfield>
    </datafield>
    <datafield tag="856" ind1=" " ind2=" ">
      <subfield code="a">https://ifl.wissensbank.com/cgi-bin/starfetch.exe?QFNiatLsO7qaq60AlRmmabiwwtHNmtvbZv5XoqM2xvJO04ZrEJnh6yD9jcvguUIOdIZErHV6Z@IlADNFISkz.cMqmJLcbFzgummQ57ByySl68FBnGkuerZ6cTMUFw@Leajrtun@F7IcHqu9VsQOddw/HK638.jpg</subfield>
      <subfield code="3">file</subfield>
    </datafield>
  </record>