
  <record>
    <leader>01250nem  22002893  4500</leader>
    <controlfield tag="001">235272000</controlfield>
    <controlfield tag="003">DE-185</controlfield>
    <controlfield tag="007">ta</controlfield>
    <controlfield tag="008">1785                             i|fre</controlfield>
    <datafield tag="041" ind1=" " ind2=" ">
      <subfield code="a">fre</subfield>
    </datafield>
    <datafield tag="084" ind1=" " ind2=" ">
      <subfield code="a">RA05.01 Deutschland</subfield>
    </datafield>
    <datafield tag="225" ind1=" " ind2=" ">
      <subfield code="c">E 9°50'00"-E 11°34'00"/N 52°20'00"-N 51°35'00"</subfield>
    </datafield>
    <datafield tag="245" ind1="1" ind2="0">
      <subfield code="a">Carte Topographique D'Allemagne Contenant l'Eveché de Hildesheim, le Duché de Prunswig Wolfenbutel, le Harz, la Principaute de Halberstat le Comte de Wernigerode, l'Abbaye de Quedlenbourg une partie du Duché de Luneb. Principaute d'Anhalt et de la Duche de Magdebourg</subfield>
      <subfield code="b">a. P. d. S. M. I.</subfield>
      <subfield code="c">Fait par I. W. A. I.</subfield>
    </datafield>
    <datafield tag="260" ind1=" " ind2=" ">
      <subfield code="a">Francfort sur le Mein</subfield>
      <subfield code="c">[ca. 1785]</subfield>
    </datafield>
    <datafield tag="300" ind1=" " ind2=" ">
      <subfield code="a">1 Kt.</subfield>
      <subfield code="b">teilw. kolor.</subfield>
      <subfield code="c">58 x 46 cm</subfield>
    </datafield>
    <datafield tag="337" ind1=" " ind2=" ">
      <subfield code="a">Karte</subfield>
    </datafield>
    <datafield tag="500" ind1=" " ind2=" ">
      <subfield code="a">Aus: Grand Atlas D'Allemagne : En LXXXI Feuilles ; 23 / Par I. G. A. Iaeger. - Maßstab in graph. Form (Echelle de deux Lieues d'Allemagne). - Titel und Maßstab oberhalb des Kt.-Feldes. - Relief: Schraffen. - Mit Nummerierung: Feuille XXIII</subfield>
    </datafield>
    <datafield tag="520" ind1="3" ind2="#">
      <subfield code="a">Mitteldeutschland, Umgebung von Hildesheim, Wernigerode, Wolfenbüttel etc.</subfield>
    </datafield>
    <datafield tag="541" ind1=" " ind2=" ">
      <subfield code="a">Nachlass Maull, Otto</subfield>
    </datafield>
    <datafield tag="650" ind1=" " ind2="4">
      <subfield code="a">Altkarte</subfield>
    </datafield>
    <datafield tag="650" ind1=" " ind2="4">
      <subfield code="a">Topographische Karte</subfield>
    </datafield>
    <datafield tag="651" ind1=" " ind2="4">
      <subfield code="a">Deutschland</subfield>
    </datafield>
    <datafield tag="651" ind1=" " ind2="4">
      <subfield code="a">Niedersachsen</subfield>
    </datafield>
    <datafield tag="651" ind1=" " ind2="4">
      <subfield code="a">Harz</subfield>
    </datafield>
    <datafield tag="651" ind1=" " ind2="4">
      <subfield code="a">Sachsen-Anhalt</subfield>
    </datafield>
    <datafield tag="700" ind1="2" ind2=" ">
      <subfield code="a">Jaeger, Johann Wilhelm Abraham</subfield>
    </datafield>
    <datafield tag="841" ind1=" " ind2=" ">
      <subfield code="a">em__</subfield>
      <subfield code="b">1785</subfield>
      <subfield code="c">3</subfield>
    </datafield>
    <datafield tag="852" ind1=" " ind2=" ">
      <subfield code="a">DE-185</subfield>
      <subfield code="c">Historische Abteilung</subfield>
      <subfield code="m">HK 0640</subfield>
      <subfield code="t">235272001</subfield>
    </datafield>
    <datafield tag="856" ind1=" " ind2=" ">
      <subfield code="a">https://ifl.wissensbank.com/fastlink.html?search=235272000</subfield>
      <subfield code="3">permalink</subfield>
    </datafield>
    <datafield tag="856" ind1=" " ind2=" ">
      <subfield code="a">https://ifl.wissensbank.com/cgi-bin/starfetch.exe?jYLLyIHg9b9i.kTu.1Z.ear@GOjhL9oHzrbri@M69@C7c5PxDH7mfLy3uLJeNNW8Ujkf6cRPFFZBF5NPf57safK08xGSRChahNrdo0zq8W4GrLu6ZKhA701xYgMpDrOSDBm2A3xIyHDC7pHYC6g1Iw/HK640.jpg</subfield>
      <subfield code="3">file</subfield>
    </datafield>
  </record>