
  <record>
    <leader>01250nem  22002893  4500</leader>
    <controlfield tag="001">235430000</controlfield>
    <controlfield tag="003">DE-185</controlfield>
    <controlfield tag="007">ta</controlfield>
    <controlfield tag="008">1789                             i|fre</controlfield>
    <datafield tag="041" ind1=" " ind2=" ">
      <subfield code="a">fre</subfield>
    </datafield>
    <datafield tag="084" ind1=" " ind2=" ">
      <subfield code="a">RA05.01 Deutschland</subfield>
    </datafield>
    <datafield tag="225" ind1=" " ind2=" ">
      <subfield code="c">E 9°57'00"-E 11°28'00"/N 54°06'00"-N 53°14'00"</subfield>
    </datafield>
    <datafield tag="245" ind1="1" ind2="0">
      <subfield code="a">Carte Topographique D'Allemagne Contenant le Duché de Lauenbourg, une Partie du Duche de Mecklenbourg, de Holstein, Wagrien l'Éveché, et la Ville Libre Imperiale de Lübeck, Lünebourg &amp;c</subfield>
      <subfield code="b">a. P. d. S. M. I.</subfield>
      <subfield code="c">Fait par I. W. A. Iaeger. Berndt Sculp.</subfield>
    </datafield>
    <datafield tag="260" ind1=" " ind2=" ">
      <subfield code="a">Francfort sur le Mein</subfield>
      <subfield code="c">[ca. 1789]</subfield>
    </datafield>
    <datafield tag="300" ind1=" " ind2=" ">
      <subfield code="a">1 Kt.</subfield>
      <subfield code="b">Grenzen kolor.</subfield>
      <subfield code="c">56 x 45 cm</subfield>
    </datafield>
    <datafield tag="337" ind1=" " ind2=" ">
      <subfield code="a">Karte</subfield>
    </datafield>
    <datafield tag="500" ind1=" " ind2=" ">
      <subfield code="a">Aus: Grand Atlas D'Allemagne : En LXXXI Feuilles ; 5 / Par I. G. A. Iaeger. - Maßstab in graph. Form (Echelle de deux Lieues d'Allemagne). - Titel und Maßstab oberhalb des Kt.-Feldes. - Relief: Schraffen. - Mit Nummerierung: Feuille V</subfield>
    </datafield>
    <datafield tag="520" ind1="3" ind2="#">
      <subfield code="a">Herzogtum Lauenburg und Umgebung mit Städten, Wäldern, Flüssen etc.</subfield>
    </datafield>
    <datafield tag="541" ind1=" " ind2=" ">
      <subfield code="a">Nachlass Maull, Otto</subfield>
    </datafield>
    <datafield tag="650" ind1=" " ind2="4">
      <subfield code="a">Altkarte</subfield>
    </datafield>
    <datafield tag="651" ind1=" " ind2="4">
      <subfield code="a">Deutschland</subfield>
    </datafield>
    <datafield tag="651" ind1=" " ind2="4">
      <subfield code="a">Deutschland (Nord)</subfield>
    </datafield>
    <datafield tag="651" ind1=" " ind2="4">
      <subfield code="a">Lauenburg (Herzogtum)</subfield>
    </datafield>
    <datafield tag="700" ind1="2" ind2=" ">
      <subfield code="a">Jaeger, Johann Wilhelm Abraham</subfield>
    </datafield>
    <datafield tag="700" ind1="2" ind2=" ">
      <subfield code="a">Berndt, Johann C.</subfield>
    </datafield>
    <datafield tag="841" ind1=" " ind2=" ">
      <subfield code="a">em__</subfield>
      <subfield code="b">1789</subfield>
      <subfield code="c">3</subfield>
    </datafield>
    <datafield tag="852" ind1=" " ind2=" ">
      <subfield code="a">DE-185</subfield>
      <subfield code="c">Historische Abteilung</subfield>
      <subfield code="m">HK 0649</subfield>
      <subfield code="t">235430001</subfield>
    </datafield>
    <datafield tag="856" ind1=" " ind2=" ">
      <subfield code="a">https://ifl.wissensbank.com/fastlink.html?search=235430000</subfield>
      <subfield code="3">permalink</subfield>
    </datafield>
    <datafield tag="856" ind1=" " ind2=" ">
      <subfield code="a">https://ifl.wissensbank.com/cgi-bin/starfetch.exe?K7y49lfQ1PSFSbrWQ6@Q8EuRFy7gtV@pjmAYWagmbJ9gcWqBtd8oc4VivUnNAmA6soilQCUhW1OapFT.znMwmKwBQUqAR9YmP5E9VJ439oyelfNYQh5ckiyW5Uf.CJFhL@04ujIFrGNWeNgonowl0w/HK649.jpg</subfield>
      <subfield code="3">file</subfield>
    </datafield>
  </record>