
  <record>
    <leader>01250nem  22002893  4500</leader>
    <controlfield tag="001">235549000</controlfield>
    <controlfield tag="003">DE-185</controlfield>
    <controlfield tag="007">ta</controlfield>
    <controlfield tag="008">1765                             i|fre</controlfield>
    <datafield tag="041" ind1=" " ind2=" ">
      <subfield code="a">fre</subfield>
    </datafield>
    <datafield tag="084" ind1=" " ind2=" ">
      <subfield code="a">RA05.01 Deutschland</subfield>
    </datafield>
    <datafield tag="225" ind1=" " ind2=" ">
      <subfield code="c">E 5°38'00"-E 7°16'00"/N 51°14'00"-N 50°17'00"</subfield>
    </datafield>
    <datafield tag="245" ind1="1" ind2="0">
      <subfield code="a">[Les Duchés, De Clevés, De Iuliers et De Limbourg, Le Comté De Meurs, Le Quartier De Ruremonde dans Le Duché De Gueldres, L'Archevesché Et Eslectorat De Cologne &amp; c.]</subfield>
      <subfield code="c">[Publiée Par Tobie Conrad Lotter.] Gustav Conrad Lotter Sculpsit</subfield>
    </datafield>
    <datafield tag="260" ind1=" " ind2=" ">
      <subfield code="a">[Augsbourg]</subfield>
      <subfield code="c">1765</subfield>
    </datafield>
    <datafield tag="300" ind1=" " ind2=" ">
      <subfield code="a">1 Kt. [auf 2 Bl.]</subfield>
      <subfield code="b">teilw. kolor.</subfield>
      <subfield code="c">57 x 47 cm</subfield>
    </datafield>
    <datafield tag="337" ind1=" " ind2=" ">
      <subfield code="a">Karte</subfield>
    </datafield>
    <datafield tag="500" ind1=" " ind2=" ">
      <subfield code="a">Nur untere Hälfte vorh. - Titel befindet sich auf fehlender Hälfte. - Maßstab in graph. Form (Lieües d'une heure de Chemin, Lieües Communes de France). - Maßstab unten links. - Relief: Einzelberge, Schraffen</subfield>
    </datafield>
    <datafield tag="520" ind1="3" ind2="#">
      <subfield code="a">Herzogtümer Kleve, Jülich, Limburg; Quartier Roermond und Erzstift Köln mit Städten, Flüssen, Bergen etc.</subfield>
    </datafield>
    <datafield tag="541" ind1=" " ind2=" ">
      <subfield code="a">Nachlass Maull, Otto</subfield>
    </datafield>
    <datafield tag="650" ind1=" " ind2="4">
      <subfield code="a">Altkarte</subfield>
    </datafield>
    <datafield tag="651" ind1=" " ind2="4">
      <subfield code="a">Deutschland</subfield>
    </datafield>
    <datafield tag="651" ind1=" " ind2="4">
      <subfield code="a">Rheinland</subfield>
    </datafield>
    <datafield tag="700" ind1="2" ind2=" ">
      <subfield code="a">Lotter, Gustav Konrad</subfield>
    </datafield>
    <datafield tag="700" ind1="2" ind2=" ">
      <subfield code="a">Lotter, Tobias Conrad</subfield>
    </datafield>
    <datafield tag="841" ind1=" " ind2=" ">
      <subfield code="a">em__</subfield>
      <subfield code="b">1765</subfield>
      <subfield code="c">3</subfield>
    </datafield>
    <datafield tag="852" ind1=" " ind2=" ">
      <subfield code="a">DE-185</subfield>
      <subfield code="c">Historische Abteilung</subfield>
      <subfield code="m">HK 0651</subfield>
      <subfield code="t">235549001</subfield>
    </datafield>
    <datafield tag="856" ind1=" " ind2=" ">
      <subfield code="a">https://ifl.wissensbank.com/fastlink.html?search=235549000</subfield>
      <subfield code="3">permalink</subfield>
    </datafield>
    <datafield tag="856" ind1=" " ind2=" ">
      <subfield code="a">https://ifl.wissensbank.com/cgi-bin/starfetch.exe?AMBTVzB3chVe.X4k1TFdcmbs@8vXmET90IkTo8bRKpqXEWzEoB7thQ28@IganwoZonPE4xgTFtVQZ1k6YmwjULa2YqbK4lGFce8RnLeuWCR.C6yeiRDg3HcPLcz8K9yDk25VV8doqq.bB8Fp8UEGDg/HK651.jpg</subfield>
      <subfield code="3">file</subfield>
    </datafield>
  </record>