
  <record>
    <leader>01250nem  22002893  4500</leader>
    <controlfield tag="001">235550000</controlfield>
    <controlfield tag="003">DE-185</controlfield>
    <controlfield tag="007">ta</controlfield>
    <controlfield tag="008">1800                             i|ger</controlfield>
    <datafield tag="041" ind1=" " ind2=" ">
      <subfield code="a">ger</subfield>
    </datafield>
    <datafield tag="084" ind1=" " ind2=" ">
      <subfield code="a">RA09 Andere Länder/Gebiete Europas</subfield>
    </datafield>
    <datafield tag="225" ind1=" " ind2=" ">
      <subfield code="c">E 3°24'00"-E 10°49'00"/N 47°29'00"-N 43°06'00"</subfield>
    </datafield>
    <datafield tag="245" ind1="1" ind2="0">
      <subfield code="a">Kriegstheater oder Graenzkarte Zwischen Frankreich und Italien</subfield>
      <subfield code="b">Enthaltend Die Staaten des Königs von Sardinien, Savoyen, Piemont, und Montferat, die Oesterreichische Lombardy, die Republiken Genua, Lucca, und Venedig, Modena, Parma u. Mantua, das Bisthum Trient, Tyrol u. die ganze Schweiz, von Seite Frankreichs die Provence, Dauphine, Languedoc, Lionnois, Burgogne und France-comte &amp;c.</subfield>
      <subfield code="c">[zu haben bey Ioh. Walch im Willischen Kunstverlag]</subfield>
    </datafield>
    <datafield tag="260" ind1=" " ind2=" ">
      <subfield code="a">[Augsburg]</subfield>
      <subfield code="b">Ioh. Walch im Willischen Kunstverlag</subfield>
      <subfield code="c">[ca. 1800]</subfield>
    </datafield>
    <datafield tag="300" ind1=" " ind2=" ">
      <subfield code="a">1 Kt.</subfield>
      <subfield code="b">Grenzen kolor.</subfield>
      <subfield code="c">57 x 47 cm</subfield>
    </datafield>
    <datafield tag="337" ind1=" " ind2=" ">
      <subfield code="a">Karte</subfield>
    </datafield>
    <datafield tag="500" ind1=" " ind2=" ">
      <subfield code="a">Maßstab in graph. Form (Geometrische Meilen). - Titel oben links. - Maßstab unten rechts. - Relief: Einzelberge</subfield>
    </datafield>
    <datafield tag="520" ind1="3" ind2="#">
      <subfield code="a">Oberitalien und Südost-Frankreich mit Städten, Flüssen, Bergen etc.</subfield>
    </datafield>
    <datafield tag="541" ind1=" " ind2=" ">
      <subfield code="a">Nachlass Maull, Otto</subfield>
    </datafield>
    <datafield tag="650" ind1=" " ind2="4">
      <subfield code="a">Altkarte</subfield>
    </datafield>
    <datafield tag="650" ind1=" " ind2="4">
      <subfield code="a">Militärkartographie</subfield>
    </datafield>
    <datafield tag="651" ind1=" " ind2="4">
      <subfield code="a">Italien</subfield>
    </datafield>
    <datafield tag="651" ind1=" " ind2="4">
      <subfield code="a">Schweiz</subfield>
    </datafield>
    <datafield tag="651" ind1=" " ind2="4">
      <subfield code="a">Frankreich</subfield>
    </datafield>
    <datafield tag="700" ind1="2" ind2=" ">
      <subfield code="a">Walch, Johannes</subfield>
    </datafield>
    <datafield tag="700" ind1="2" ind2=" ">
      <subfield code="a">Will, Johann Martin</subfield>
    </datafield>
    <datafield tag="841" ind1=" " ind2=" ">
      <subfield code="a">em__</subfield>
      <subfield code="b">1800</subfield>
      <subfield code="c">3</subfield>
    </datafield>
    <datafield tag="852" ind1=" " ind2=" ">
      <subfield code="a">DE-185</subfield>
      <subfield code="c">Historische Abteilung</subfield>
      <subfield code="m">HK 0652</subfield>
      <subfield code="t">235550001</subfield>
    </datafield>
    <datafield tag="856" ind1=" " ind2=" ">
      <subfield code="a">https://ifl.wissensbank.com/fastlink.html?search=235550000</subfield>
      <subfield code="3">permalink</subfield>
    </datafield>
    <datafield tag="856" ind1=" " ind2=" ">
      <subfield code="a">https://ifl.wissensbank.com/cgi-bin/starfetch.exe?1YxQn2GFOCvH.EF8aBFt3NKiOhXSoNPkJsAJYHLIguPpf@MdhSXRIxDOGBAmuXlRIaW2I7e5@Ccz28Ow@CO991vMKN271ZnihDfIrHleDwokf78QypSneJdKpMdzwOudvKE7hyNzHbxKnN1H@AFKRw/HK652.jpg</subfield>
      <subfield code="3">file</subfield>
    </datafield>
  </record>