
  <record>
    <leader>01250nem  22002893  4500</leader>
    <controlfield tag="001">235602000</controlfield>
    <controlfield tag="003">DE-185</controlfield>
    <controlfield tag="007">ta</controlfield>
    <controlfield tag="008">1761                             i|</controlfield>
    <datafield tag="084" ind1=" " ind2=" ">
      <subfield code="a">RA05.01 Deutschland</subfield>
    </datafield>
    <datafield tag="225" ind1=" " ind2=" ">
      <subfield code="c">E 10°25'00"-E 11°15'00"/N 51°45'00"-N 51°18'00"</subfield>
    </datafield>
    <datafield tag="245" ind1="1" ind2="0">
      <subfield code="a">Comitatus Hohnstein nec non Dynastiarum Lohra et Klettenberg</subfield>
      <subfield code="b">Geographica delineatio ex Originali authentico desumta, viarumque et postarum cursibus locupletata</subfield>
      <subfield code="c">Studio Homannianorum Heredum</subfield>
    </datafield>
    <datafield tag="260" ind1=" " ind2=" ">
      <subfield code="a">[Nürnberg]</subfield>
      <subfield code="b">Homanniani Heredes [Homannsche Erben]</subfield>
      <subfield code="c">1761</subfield>
    </datafield>
    <datafield tag="300" ind1=" " ind2=" ">
      <subfield code="a">1 Kt.</subfield>
      <subfield code="b">teilw. kolor.</subfield>
      <subfield code="c">48 x 44 cm</subfield>
    </datafield>
    <datafield tag="337" ind1=" " ind2=" ">
      <subfield code="a">Karte</subfield>
    </datafield>
    <datafield tag="500" ind1=" " ind2=" ">
      <subfield code="a">Karte beschädigt, in zwei Hälften geteilt. - Maßstab in graph. Form (Deutsche Meile). - Titelkartusche unten rechts. - Legende und Maßstab oben links. - Nullmeridian: Ferro. - Relief: Schraffen</subfield>
    </datafield>
    <datafield tag="520" ind1="3" ind2="#">
      <subfield code="a">Grafschaft Hohnstein mit Städten, Flüssen etc.</subfield>
    </datafield>
    <datafield tag="541" ind1=" " ind2=" ">
      <subfield code="a">Nachlass Maull, Otto</subfield>
    </datafield>
    <datafield tag="650" ind1=" " ind2="4">
      <subfield code="a">Altkarte</subfield>
    </datafield>
    <datafield tag="651" ind1=" " ind2="4">
      <subfield code="a">Deutschland</subfield>
    </datafield>
    <datafield tag="651" ind1=" " ind2="4">
      <subfield code="a">Harz</subfield>
    </datafield>
    <datafield tag="651" ind1=" " ind2="4">
      <subfield code="a">Thüringen</subfield>
    </datafield>
    <datafield tag="700" ind1="2" ind2=" ">
      <subfield code="a">Homann, ...</subfield>
    </datafield>
    <datafield tag="841" ind1=" " ind2=" ">
      <subfield code="a">em__</subfield>
      <subfield code="b">1761</subfield>
      <subfield code="c">3</subfield>
    </datafield>
    <datafield tag="852" ind1=" " ind2=" ">
      <subfield code="a">DE-185</subfield>
      <subfield code="c">Historische Abteilung</subfield>
      <subfield code="m">HK 0659</subfield>
      <subfield code="t">235602001</subfield>
    </datafield>
    <datafield tag="856" ind1=" " ind2=" ">
      <subfield code="a">https://ifl.wissensbank.com/fastlink.html?search=235602000</subfield>
      <subfield code="3">permalink</subfield>
    </datafield>
    <datafield tag="856" ind1=" " ind2=" ">
      <subfield code="a">https://ifl.wissensbank.com/cgi-bin/starfetch.exe?cUf4JrN5AQfVXI4.k5j5Gu1cDXQNekTJR4CZxdiU@xVerFYGSFkbUK.HuHKczmj9DtWorS2oDpPxcM81llt7KdmtEIIpRz4l6a1@5tO.zqBXasRB1cUxEiBpLhSQ7x3G0.tQWi7KPX8EXCcEDAHbEg/HK659.jpg</subfield>
      <subfield code="3">file</subfield>
    </datafield>
  </record>