
  <record>
    <leader>01250nem  22002893  4500</leader>
    <controlfield tag="001">235645000</controlfield>
    <controlfield tag="003">DE-185</controlfield>
    <controlfield tag="007">ta</controlfield>
    <controlfield tag="008">1782                             i|</controlfield>
    <datafield tag="084" ind1=" " ind2=" ">
      <subfield code="a">RA05.13 Österreich</subfield>
    </datafield>
    <datafield tag="084" ind1=" " ind2=" ">
      <subfield code="a">RA06.03 Italien</subfield>
    </datafield>
    <datafield tag="225" ind1=" " ind2=" ">
      <subfield code="c">E 9°14'00"-E 12°54'00"/N 47°51'00"-N 45°28'00"</subfield>
    </datafield>
    <datafield tag="245" ind1="1" ind2="0">
      <subfield code="a">Principali Dignitate Gaudens Comitat. Tirolis Episcopat. Tridentinum Et Brixiensem ut et Comitat. Brigantinum, Feldkirch, Sonneberg et Pludentinum continens</subfield>
      <subfield code="b">quo ad omnes Urbes, oppida, arces, coenobia, pagos ; Cum Gratia et Privil. S. R. I. Vicariatus in partibus Rheni, Sueviae, et Iuris Franconici</subfield>
      <subfield code="c">cura et manu Iean Michel Probst</subfield>
    </datafield>
    <datafield tag="260" ind1=" " ind2=" ">
      <subfield code="a">Augspurg</subfield>
      <subfield code="b">Ioh. Michael Probst</subfield>
      <subfield code="c">1782</subfield>
    </datafield>
    <datafield tag="300" ind1=" " ind2=" ">
      <subfield code="a">1 Kt.</subfield>
      <subfield code="b">kolor.</subfield>
      <subfield code="c">55 x 47 cm</subfield>
    </datafield>
    <datafield tag="337" ind1=" " ind2=" ">
      <subfield code="a">Karte</subfield>
    </datafield>
    <datafield tag="500" ind1=" " ind2=" ">
      <subfield code="a">Maßstab in graph. Form (Mill. Germanica Communia, Mill. Gallica Sive Korie Itineris). - Titelkartusche unten rechts. - Maßstab und Legende unten links. - Relief: Einzelberge. - Mit Suchnetz</subfield>
    </datafield>
    <datafield tag="520" ind1="3" ind2="#">
      <subfield code="a">Grafschaft Tirol, Hochstift Brixen, Grafschaft Bregenz und Hochstift Trient mit Städten, Flüssen, Gebirgen etc.</subfield>
    </datafield>
    <datafield tag="541" ind1=" " ind2=" ">
      <subfield code="a">Nachlass Maull, Otto</subfield>
    </datafield>
    <datafield tag="650" ind1=" " ind2="4">
      <subfield code="a">Altkarte</subfield>
    </datafield>
    <datafield tag="651" ind1=" " ind2="4">
      <subfield code="a">Österreich</subfield>
    </datafield>
    <datafield tag="651" ind1=" " ind2="4">
      <subfield code="a">Italien</subfield>
    </datafield>
    <datafield tag="651" ind1=" " ind2="4">
      <subfield code="a">Tirol</subfield>
    </datafield>
    <datafield tag="651" ind1=" " ind2="4">
      <subfield code="a">Vorarlberg</subfield>
    </datafield>
    <datafield tag="651" ind1=" " ind2="4">
      <subfield code="a">Südtirol</subfield>
    </datafield>
    <datafield tag="700" ind1="2" ind2=" ">
      <subfield code="a">Probst, Johann Michael</subfield>
    </datafield>
    <datafield tag="841" ind1=" " ind2=" ">
      <subfield code="a">em__</subfield>
      <subfield code="b">1782</subfield>
      <subfield code="c">3</subfield>
    </datafield>
    <datafield tag="852" ind1=" " ind2=" ">
      <subfield code="a">DE-185</subfield>
      <subfield code="c">Historische Abteilung</subfield>
      <subfield code="m">HK 0661</subfield>
      <subfield code="t">235645001</subfield>
    </datafield>
    <datafield tag="856" ind1=" " ind2=" ">
      <subfield code="a">https://ifl.wissensbank.com/fastlink.html?search=235645000</subfield>
      <subfield code="3">permalink</subfield>
    </datafield>
    <datafield tag="856" ind1=" " ind2=" ">
      <subfield code="a">https://ifl.wissensbank.com/cgi-bin/starfetch.exe?vm4UTo4togmw8h3heyR7zy95hDpAtma97Pe8q4Djk7T5LRh416XLgyX8oJlIhawBun2Mfh2WL5DbNyGzPh8@jKDHMs2@vsMa3P@xJw.3zEBD8KxKPC26G3CgInKiAgJaJEUg2JQfc@BLvu8ScZrpPA/HK661.jpg</subfield>
      <subfield code="3">file</subfield>
    </datafield>
  </record>