
  <record>
    <leader>01250nem  22002893  4500</leader>
    <controlfield tag="001">235911000</controlfield>
    <controlfield tag="003">DE-185</controlfield>
    <controlfield tag="007">ta</controlfield>
    <controlfield tag="008">1845                             i|ger</controlfield>
    <datafield tag="041" ind1=" " ind2=" ">
      <subfield code="a">ger</subfield>
    </datafield>
    <datafield tag="084" ind1=" " ind2=" ">
      <subfield code="a">RA10.02 Österreich-Ungarn</subfield>
    </datafield>
    <datafield tag="225" ind1=" " ind2=" ">
      <subfield code="c">E 8°36'00"-E 26°27'00"/N 51°10'00"-N 42°05'00"</subfield>
    </datafield>
    <datafield tag="245" ind1="1" ind2="0">
      <subfield code="a">Österreichischer Kaiserstaat</subfield>
      <subfield code="c">Entw. u. gezeichn. v. A. Theinert</subfield>
    </datafield>
    <datafield tag="260" ind1=" " ind2=" ">
      <subfield code="a">Glogau</subfield>
      <subfield code="b">C. Flemming</subfield>
      <subfield code="c">[um 1845]</subfield>
    </datafield>
    <datafield tag="300" ind1=" " ind2=" ">
      <subfield code="a">1 Kt.</subfield>
      <subfield code="b">Grenzen kolor.</subfield>
      <subfield code="c">36 x 28 cm</subfield>
    </datafield>
    <datafield tag="337" ind1=" " ind2=" ">
      <subfield code="a">Karte</subfield>
    </datafield>
    <datafield tag="500" ind1=" " ind2=" ">
      <subfield code="a">In: Vollständiger Hand-Atlas der neueren Erdbeschreibung ueber alle Theile der Erde / herausgegeben von K. Sohr. - Maßstab in graph. Form ([geogr. Meilen]). - Titel oberhalb des Kt.-Feldes. - Maßstab unterhalb des Kt.-Feldes. - Erkl. der Zeichen oben links u. unten rechts. - Relief: Schraffen]</subfield>
    </datafield>
    <datafield tag="520" ind1="3" ind2="#">
      <subfield code="a">Verwaltungskarte des Kaiserreichs Österreich mit Städten, Bergen, Flüssen etc.</subfield>
    </datafield>
    <datafield tag="541" ind1=" " ind2=" ">
      <subfield code="a">Nachlass Maull, Otto</subfield>
    </datafield>
    <datafield tag="650" ind1=" " ind2="4">
      <subfield code="a">Altkarte</subfield>
    </datafield>
    <datafield tag="650" ind1=" " ind2="4">
      <subfield code="a">Verwaltungskarte</subfield>
    </datafield>
    <datafield tag="651" ind1=" " ind2="4">
      <subfield code="a">Österreich-Ungarn</subfield>
    </datafield>
    <datafield tag="700" ind1="2" ind2=" ">
      <subfield code="a">Sohr, Karl</subfield>
    </datafield>
    <datafield tag="700" ind1="2" ind2=" ">
      <subfield code="a">Flemming, Carl</subfield>
    </datafield>
    <datafield tag="700" ind1="2" ind2=" ">
      <subfield code="a">Theinert, A.</subfield>
    </datafield>
    <datafield tag="841" ind1=" " ind2=" ">
      <subfield code="a">em__</subfield>
      <subfield code="b">1845</subfield>
      <subfield code="c">3</subfield>
    </datafield>
    <datafield tag="852" ind1=" " ind2=" ">
      <subfield code="a">DE-185</subfield>
      <subfield code="c">Historische Abteilung</subfield>
      <subfield code="m">HK 0674</subfield>
      <subfield code="t">235911001</subfield>
    </datafield>
    <datafield tag="856" ind1=" " ind2=" ">
      <subfield code="a">https://ifl.wissensbank.com/fastlink.html?search=235911000</subfield>
      <subfield code="3">permalink</subfield>
    </datafield>
    <datafield tag="856" ind1=" " ind2=" ">
      <subfield code="a">https://ifl.wissensbank.com/cgi-bin/starfetch.exe?2nRSV6.cUOLL2qXgmy09nBdBPfPJoAci0iRZ90NFOEt6T@DnWP9ZbNo.jR5wsXZDLlA7BdPAzjcPWdA2JFqxZkm@q53uqs7H6vIlSWxHzc9SffizUkAR01C3pQ4QViKlgUU5PLuxvrgunw0t1r0bFA/HK674.jpg</subfield>
      <subfield code="3">file</subfield>
    </datafield>
  </record>