
  <record>
    <leader>01250nem  22002893  4500</leader>
    <controlfield tag="001">235918000</controlfield>
    <controlfield tag="003">DE-185</controlfield>
    <controlfield tag="007">ta</controlfield>
    <controlfield tag="008">1845                             i|ger</controlfield>
    <datafield tag="041" ind1=" " ind2=" ">
      <subfield code="a">ger</subfield>
    </datafield>
    <datafield tag="084" ind1=" " ind2=" ">
      <subfield code="a">RA05.01 Deutschland</subfield>
    </datafield>
    <datafield tag="225" ind1=" " ind2=" ">
      <subfield code="c">E 6°27'00"-E 11°45'00"/N 53°57'00"-N 51°17'00"</subfield>
    </datafield>
    <datafield tag="245" ind1="1" ind2="0">
      <subfield code="a">Hannover, Braunschweig, Oldenburg und Bremen</subfield>
    </datafield>
    <datafield tag="260" ind1=" " ind2=" ">
      <subfield code="a">Glogau</subfield>
      <subfield code="b">C. Flemming</subfield>
      <subfield code="c">[um 1845]</subfield>
    </datafield>
    <datafield tag="300" ind1=" " ind2=" ">
      <subfield code="a">1 Kt.</subfield>
      <subfield code="b">Grenzen kolor.</subfield>
      <subfield code="c">35 x 29 cm</subfield>
    </datafield>
    <datafield tag="337" ind1=" " ind2=" ">
      <subfield code="a">Karte</subfield>
    </datafield>
    <datafield tag="500" ind1=" " ind2=" ">
      <subfield code="a">In: Vollständiger Hand-Atlas der neueren Erdbeschreibung ueber alle Theile der Erde / herausgegeben von K. Sohr. - Maßstab in graph. Form (Deutsche Meilen, Hannöversche Meilen). - Titel oberhalb des Kt.-Feldes. - Maßstab unterhalb des Kt.-Feldes. - Mit statist. Angaben, Erkl. der Zeichen und Bergverz. unten links. - Mit 2 Nebenkt. v. Holstein u. d. Gegend um Birkenfeld. - Relief: Schraffen</subfield>
    </datafield>
    <datafield tag="520" ind1="3" ind2="#">
      <subfield code="a">Verwaltungskarte des Königreichs Hannover, Großherzogtums Oldenburg, von Bremen und des Herzogtums Braunschweig mit Städten, Flüssen, Bergen etc.</subfield>
    </datafield>
    <datafield tag="541" ind1=" " ind2=" ">
      <subfield code="a">Nachlass Maull, Otto</subfield>
    </datafield>
    <datafield tag="650" ind1=" " ind2="4">
      <subfield code="a">Altkarte</subfield>
    </datafield>
    <datafield tag="650" ind1=" " ind2="4">
      <subfield code="a">Verwaltungskarte</subfield>
    </datafield>
    <datafield tag="651" ind1=" " ind2="4">
      <subfield code="a">Deutschland</subfield>
    </datafield>
    <datafield tag="651" ind1=" " ind2="4">
      <subfield code="a">Nordwestdeutschland</subfield>
    </datafield>
    <datafield tag="651" ind1=" " ind2="4">
      <subfield code="a">Niedersachsen</subfield>
    </datafield>
    <datafield tag="700" ind1="2" ind2=" ">
      <subfield code="a">Sohr, Karl</subfield>
    </datafield>
    <datafield tag="700" ind1="2" ind2=" ">
      <subfield code="a">Flemming, Carl</subfield>
    </datafield>
    <datafield tag="841" ind1=" " ind2=" ">
      <subfield code="a">em__</subfield>
      <subfield code="b">1845</subfield>
      <subfield code="c">3</subfield>
    </datafield>
    <datafield tag="852" ind1=" " ind2=" ">
      <subfield code="a">DE-185</subfield>
      <subfield code="c">Historische Abteilung</subfield>
      <subfield code="m">HK 0676</subfield>
      <subfield code="t">235918001</subfield>
    </datafield>
    <datafield tag="856" ind1=" " ind2=" ">
      <subfield code="a">https://ifl.wissensbank.com/fastlink.html?search=235918000</subfield>
      <subfield code="3">permalink</subfield>
    </datafield>
    <datafield tag="856" ind1=" " ind2=" ">
      <subfield code="a">https://ifl.wissensbank.com/cgi-bin/starfetch.exe?RH.N6bgONGGGFgm0Nbf7wPsb.Zb6HHGnbXEs8Eb3ta53pF.CIqZ7ZsTZlsOiyKvG4vkQapc9Rl@giRj60BBEeqfMmvVILmpbjryLXZPG5lUXrquHrrL71REwli3PvR@AujW8Bc4GiUIZ.ACNDEqTlg/HK676.jpg</subfield>
      <subfield code="3">file</subfield>
    </datafield>
  </record>