
  <record>
    <leader>01250nem  22002893  4500</leader>
    <controlfield tag="001">236087000</controlfield>
    <controlfield tag="003">DE-185</controlfield>
    <controlfield tag="007">ta</controlfield>
    <controlfield tag="008">1750                             i|ger</controlfield>
    <datafield tag="041" ind1=" " ind2=" ">
      <subfield code="a">ger</subfield>
    </datafield>
    <datafield tag="084" ind1=" " ind2=" ">
      <subfield code="a">RA05.01 Deutschland</subfield>
    </datafield>
    <datafield tag="245" ind1="1" ind2="0">
      <subfield code="a">Orbis In Tabula Pars Secunda</subfield>
      <subfield code="b">d. i. Zweyter Theil der Geographischen Universal-Charte vorstellend auf einem einzigen Blatt alle Crayse Provinzen und vornehmste Örter des H. Römischen Reichs, Teutscher Nation, nebst Anzeigung eines jeden Religion Herrschaft Flüsse, auch Latein. Benennung it. ob es grosse oder geringe Staedte, Residenzen, Vestungen, Universit. Handels-Örter, Baeder, Seehaefen, u. a. Histor[isch]er Merkwürdigkeiten, als ein Auszug aus Herrn Hübners Geogr. Fragen zu bequemen Gebrauch der Landch. u der wöchentl. Zeitungen</subfield>
      <subfield code="c">entworfen von Ioh. Gottfried Groß. Excuderunt Heredes Homanniani</subfield>
    </datafield>
    <datafield tag="260" ind1=" " ind2=" ">
      <subfield code="a">Noribergae</subfield>
      <subfield code="b">Heredes Homanniani [Homannsche Erben]</subfield>
      <subfield code="c">[ca. 1750]</subfield>
    </datafield>
    <datafield tag="300" ind1=" " ind2=" ">
      <subfield code="a">1 Kt.</subfield>
      <subfield code="b">kolor.</subfield>
      <subfield code="c">56 x 48 cm</subfield>
    </datafield>
    <datafield tag="337" ind1=" " ind2=" ">
      <subfield code="a">Karte</subfield>
    </datafield>
    <datafield tag="500" ind1=" " ind2=" ">
      <subfield code="a">Titel oben. - 1. Teil: Orbis in Tabula, d. i. Geographische Universal-Karte / Johann Gottfried Groß (HK 695/HK 696)</subfield>
    </datafield>
    <datafield tag="520" ind1="3" ind2="#">
      <subfield code="a">In Spalten tabellarisch angeordnet finden  sich auf dem Blatt detaillierte Angaben zu den in den Kreisen des  Heiligen Römischen Reichs befindlichen Provinzen, Städten, Festungen,  Schlössern, Flüssen, Bergen u.a.; beschreibt die Kreise in folgender  Reihenfolge: Österreichischer Kreis, Bayrischer Kreis, Fränkischer  Kreis, Schwäbischer Kreis, Oberrheinischer Kreis, Niederrheinischer  Kreis, Westfälischer Kreis, Niedersächsischer Kreis, Burgundischer Kreis, Königreich und Kurfürstentum  Böhmen, Schlesien und Mähren sowie der Obersächsische Kreis</subfield>
    </datafield>
    <datafield tag="541" ind1=" " ind2=" ">
      <subfield code="a">Nachlass Maull, Otto</subfield>
    </datafield>
    <datafield tag="650" ind1=" " ind2="4">
      <subfield code="a">Altkarte</subfield>
    </datafield>
    <datafield tag="651" ind1=" " ind2="4">
      <subfield code="a">Deutschland</subfield>
    </datafield>
    <datafield tag="653" ind1="1" ind2=" ">
      <subfield code="a">Kartenerläuterung</subfield>
    </datafield>
    <datafield tag="700" ind1="2" ind2=" ">
      <subfield code="a">Groß, Johann Gottfried</subfield>
    </datafield>
    <datafield tag="700" ind1="2" ind2=" ">
      <subfield code="a">Homann, ...</subfield>
    </datafield>
    <datafield tag="841" ind1=" " ind2=" ">
      <subfield code="a">em__</subfield>
      <subfield code="b">1750</subfield>
      <subfield code="c">3</subfield>
    </datafield>
    <datafield tag="852" ind1=" " ind2=" ">
      <subfield code="a">DE-185</subfield>
      <subfield code="c">Historische Abteilung</subfield>
      <subfield code="m">HK 0697</subfield>
      <subfield code="t">236087001</subfield>
    </datafield>
    <datafield tag="856" ind1=" " ind2=" ">
      <subfield code="a">https://ifl.wissensbank.com/fastlink.html?search=236087000</subfield>
      <subfield code="3">permalink</subfield>
    </datafield>
    <datafield tag="856" ind1=" " ind2=" ">
      <subfield code="a">https://ifl.wissensbank.com/cgi-bin/starfetch.exe?H5tD1AOa7pi2Hx0Eh@PyuzA@YrfZ5BhqaBz@ddl1xwiHHVVg1pDLvZEId9Pvios5@KCpjUR.@wQX6jXZApRFU.0Olcv3BVm1GUq1.CCv3S3O1T@LvYO89Di6kC1BqsLEPy1NS6OegKttzwvQQBzfug/HK697.jpg</subfield>
      <subfield code="3">file</subfield>
    </datafield>
  </record>