
  <record>
    <leader>01250nem  22002893  4500</leader>
    <controlfield tag="001">236098000</controlfield>
    <controlfield tag="003">DE-185</controlfield>
    <controlfield tag="007">ta</controlfield>
    <controlfield tag="008">1792                             i|ger</controlfield>
    <datafield tag="041" ind1=" " ind2=" ">
      <subfield code="a">ger</subfield>
    </datafield>
    <datafield tag="084" ind1=" " ind2=" ">
      <subfield code="a">RA05.05 Historische deutsche Gebiete</subfield>
    </datafield>
    <datafield tag="225" ind1=" " ind2=" ">
      <subfield code="c">E 15°15'00"-E 18°16'00"/N 54°54'00"-N 52°59'00"</subfield>
    </datafield>
    <datafield tag="245" ind1="1" ind2="0">
      <subfield code="a">[Charte von dem Herzogthum Pommern, sowohl Schwedisch- als Preussischen Theils]</subfield>
      <subfield code="b">Mit Röm. Kayserl. allergn. Freyheit</subfield>
      <subfield code="c">[nach den bewährtesten Hülfsmitteln an gestochenen und] gezeichneten Charten, der Brüggemannischen u. Gadebuschi. Beschreibung, ingl. den neuesten astronomi. Beobachtungen entworfen von F. L. G.</subfield>
    </datafield>
    <datafield tag="260" ind1=" " ind2=" ">
      <subfield code="a">Nürnberg</subfield>
      <subfield code="b">Hom. Erben [Homannsche Erben]</subfield>
      <subfield code="c">1792</subfield>
    </datafield>
    <datafield tag="300" ind1=" " ind2=" ">
      <subfield code="a">1 Kt. [auf 2 Bl.]</subfield>
      <subfield code="b">Grenzen u. Flächenkolor.</subfield>
      <subfield code="c">46 x 55 cm</subfield>
    </datafield>
    <datafield tag="337" ind1=" " ind2=" ">
      <subfield code="a">Karte</subfield>
    </datafield>
    <datafield tag="500" ind1=" " ind2=" ">
      <subfield code="a">Kt. besteht aus zwei Teilen, nur rechter Teil vorh. - Maßstab in graph. Form (Deutsche oder Geographische Meilen, Seemeilen). - Teil des Titels, Maßstab, Erl. und Legende auf nicht vorh. linkem Teil der Kt. (Kopie beigef.). - Tab. rechts unten. - Relief angedeutet</subfield>
    </datafield>
    <datafield tag="520" ind1="3" ind2="#">
      <subfield code="a">Herzogtum Pommern mit Städten, Flüssen etc.</subfield>
    </datafield>
    <datafield tag="541" ind1=" " ind2=" ">
      <subfield code="a">Nachlass Maull, Otto</subfield>
    </datafield>
    <datafield tag="650" ind1=" " ind2="4">
      <subfield code="a">Altkarte</subfield>
    </datafield>
    <datafield tag="651" ind1=" " ind2="4">
      <subfield code="a">Pommern</subfield>
    </datafield>
    <datafield tag="700" ind1="2" ind2=" ">
      <subfield code="a">Güssefeld, Franz Ludwig</subfield>
    </datafield>
    <datafield tag="700" ind1="2" ind2=" ">
      <subfield code="a">Homann, ...</subfield>
    </datafield>
    <datafield tag="841" ind1=" " ind2=" ">
      <subfield code="a">em__</subfield>
      <subfield code="b">1792</subfield>
      <subfield code="c">3</subfield>
    </datafield>
    <datafield tag="852" ind1=" " ind2=" ">
      <subfield code="a">DE-185</subfield>
      <subfield code="c">Historische Abteilung</subfield>
      <subfield code="m">HK 0698</subfield>
      <subfield code="t">236098001</subfield>
    </datafield>
    <datafield tag="856" ind1=" " ind2=" ">
      <subfield code="a">https://ifl.wissensbank.com/fastlink.html?search=236098000</subfield>
      <subfield code="3">permalink</subfield>
    </datafield>
    <datafield tag="856" ind1=" " ind2=" ">
      <subfield code="a">https://ifl.wissensbank.com/cgi-bin/starfetch.exe?.ctdyDakCCoNesO1P6O8gHHdW7R2eoCxqPJA@GjPKQaNhkfkx1pYJ9@KdY1rMEhyLWn1jIOGyORZJyWpVwXp9nL6lj@7sUFcJSX5fPD4EH9clzZ1uZFse1b.HSgtl4bd3r@sxJ5bP6dqOQ5LF2nGVQ/HK698.jpg</subfield>
      <subfield code="3">file</subfield>
    </datafield>
  </record>