
  <record>
    <leader>01250nem  22002893  4500</leader>
    <controlfield tag="001">236101000</controlfield>
    <controlfield tag="003">DE-185</controlfield>
    <controlfield tag="007">ta</controlfield>
    <controlfield tag="008">1807                             i|ger</controlfield>
    <datafield tag="041" ind1=" " ind2=" ">
      <subfield code="a">ger</subfield>
    </datafield>
    <datafield tag="084" ind1=" " ind2=" ">
      <subfield code="a">RA05.01 Deutschland</subfield>
    </datafield>
    <datafield tag="225" ind1=" " ind2=" ">
      <subfield code="c">E 9°52'00"-E 15°35'00"/N 52°34'00"-N 50°01'00"</subfield>
    </datafield>
    <datafield tag="245" ind1="1" ind2="0">
      <subfield code="a">Charte vom Königreiche Sachsen</subfield>
      <subfield code="b">Nebst den Herzoglich Sächsischen, Herzoglich Anhaltischen, Fürstlich Schwarzburg- und Fürstl. Reussischen Landen oder Die Obere Elbe</subfield>
      <subfield code="c">Entworfen von F. L. Güssefeld</subfield>
    </datafield>
    <datafield tag="260" ind1=" " ind2=" ">
      <subfield code="a">Weimar</subfield>
      <subfield code="b">Verlag des Geogr. Instituts</subfield>
      <subfield code="c">1807</subfield>
    </datafield>
    <datafield tag="300" ind1=" " ind2=" ">
      <subfield code="a">1 Kt.</subfield>
      <subfield code="b">Grenzen u. Flächenkolor.</subfield>
      <subfield code="c">56 x 40 cm</subfield>
    </datafield>
    <datafield tag="337" ind1=" " ind2=" ">
      <subfield code="a">Karte</subfield>
    </datafield>
    <datafield tag="500" ind1=" " ind2=" ">
      <subfield code="a">Maßstab in graph. Form (Geogr. od. Deutsche Meilen, Stundenweges). - Titel unten rechts. - Nebent. oberhalb des Kt.-Feldes. - Abkürzungsverz. u. Maßstab oben links. - Erkl. der Zeichen oben rechts. - Relief: Schraffen</subfield>
    </datafield>
    <datafield tag="520" ind1="3" ind2="#">
      <subfield code="a">Königreich Sachsen, Sächsische Herzogtümer, Grafschaft Schwarzburg, Grafschaft Reuß und Anhaltinische Fürstentümer mit Städten, Flüssen etc.</subfield>
    </datafield>
    <datafield tag="541" ind1=" " ind2=" ">
      <subfield code="a">Nachlass Maull, Otto</subfield>
    </datafield>
    <datafield tag="650" ind1=" " ind2="4">
      <subfield code="a">Altkarte</subfield>
    </datafield>
    <datafield tag="651" ind1=" " ind2="4">
      <subfield code="a">Deutschland</subfield>
    </datafield>
    <datafield tag="651" ind1=" " ind2="4">
      <subfield code="a">Sachsen</subfield>
    </datafield>
    <datafield tag="700" ind1="2" ind2=" ">
      <subfield code="a">Güssefeld, Franz Ludwig</subfield>
    </datafield>
    <datafield tag="841" ind1=" " ind2=" ">
      <subfield code="a">em__</subfield>
      <subfield code="b">1807</subfield>
      <subfield code="c">3</subfield>
    </datafield>
    <datafield tag="852" ind1=" " ind2=" ">
      <subfield code="a">DE-185</subfield>
      <subfield code="c">Historische Abteilung</subfield>
      <subfield code="m">HK 0699</subfield>
      <subfield code="t">236101001</subfield>
    </datafield>
    <datafield tag="856" ind1=" " ind2=" ">
      <subfield code="a">https://ifl.wissensbank.com/fastlink.html?search=236101000</subfield>
      <subfield code="3">permalink</subfield>
    </datafield>
    <datafield tag="856" ind1=" " ind2=" ">
      <subfield code="a">https://ifl.wissensbank.com/cgi-bin/starfetch.exe?1g4nc4yu.KnTSZkdykDt1RrEb7UqDmIk47Ywtx3s5Gxmv0TrzcZW1AQxules7hdkmdIIEtxnSUz@PAWJ@7xEE3aEY9C.1K6lJ1cp3NlZx2VmRHYX4hYs1TewCZFsO8vm8P9iQF@DIJ7U3mKkTBhAmA/HK699.jpg</subfield>
      <subfield code="3">file</subfield>
    </datafield>
  </record>