
  <record>
    <leader>01250nem  22002893  4500</leader>
    <controlfield tag="001">236111000</controlfield>
    <controlfield tag="003">DE-185</controlfield>
    <controlfield tag="007">ta</controlfield>
    <controlfield tag="008">1787                             i|fre</controlfield>
    <datafield tag="041" ind1=" " ind2=" ">
      <subfield code="a">fre</subfield>
    </datafield>
    <datafield tag="084" ind1=" " ind2=" ">
      <subfield code="a">RA05 Mitteleuropa</subfield>
    </datafield>
    <datafield tag="225" ind1=" " ind2=" ">
      <subfield code="c">E 14°56'00"-E 16°50'00"/N 50°46'00"-N 49°51'00"</subfield>
    </datafield>
    <datafield tag="245" ind1="1" ind2="0">
      <subfield code="a">Carte Topographique D'Allemagne Contenant une Partie du Royaume de Boheme Scavoir les Cercles de Königgraetz, et Chrudim, le Comte de Glatz, et une Partie du Duchè de la Silesie</subfield>
      <subfield code="b">A. P. d. S. M. I.</subfield>
      <subfield code="c">Fait par I. &amp; K. se vend chez I. W. A. Iaeger. D. A. Hauer sc.</subfield>
    </datafield>
    <datafield tag="260" ind1=" " ind2=" ">
      <subfield code="a">Francfort sur le Mein</subfield>
      <subfield code="c">[ca. 1787]</subfield>
    </datafield>
    <datafield tag="300" ind1=" " ind2=" ">
      <subfield code="a">1 Kt.</subfield>
      <subfield code="b">Grenzen kolor.</subfield>
      <subfield code="c">60 x 45 cm</subfield>
    </datafield>
    <datafield tag="337" ind1=" " ind2=" ">
      <subfield code="a">Karte</subfield>
    </datafield>
    <datafield tag="500" ind1=" " ind2=" ">
      <subfield code="a">Aus: Grand Atlas D'Allemagne : En LXXXI Feuilles ; 44 / Par I. G. A. Iaeger. - Maßstab in graph. Form (Lieuëz d'Allemagne). - Titel und Maßstab oberhalb des Kt.-Feldes. - Relief: Einzelberge. - Mit Nummerierung: Feuille XLIV</subfield>
    </datafield>
    <datafield tag="520" ind1="3" ind2="#">
      <subfield code="a">Böhmen mit Königgrätz, Schlesien mit Glatz</subfield>
    </datafield>
    <datafield tag="541" ind1=" " ind2=" ">
      <subfield code="a">Nachlass Maull, Otto</subfield>
    </datafield>
    <datafield tag="650" ind1=" " ind2="4">
      <subfield code="a">Altkarte</subfield>
    </datafield>
    <datafield tag="651" ind1=" " ind2="4">
      <subfield code="a">Mitteleuropa</subfield>
    </datafield>
    <datafield tag="651" ind1=" " ind2="4">
      <subfield code="a">Böhmen (Čechy)</subfield>
    </datafield>
    <datafield tag="651" ind1=" " ind2="4">
      <subfield code="a">Schlesien</subfield>
    </datafield>
    <datafield tag="700" ind1="2" ind2=" ">
      <subfield code="a">Jaeger, Johann Wilhelm Abraham</subfield>
    </datafield>
    <datafield tag="700" ind1="2" ind2=" ">
      <subfield code="a">Hauer, Daniel Adam</subfield>
    </datafield>
    <datafield tag="841" ind1=" " ind2=" ">
      <subfield code="a">em__</subfield>
      <subfield code="b">1787</subfield>
      <subfield code="c">3</subfield>
    </datafield>
    <datafield tag="852" ind1=" " ind2=" ">
      <subfield code="a">DE-185</subfield>
      <subfield code="c">Historische Abteilung</subfield>
      <subfield code="m">HK 0700</subfield>
      <subfield code="t">236111001</subfield>
    </datafield>
    <datafield tag="856" ind1=" " ind2=" ">
      <subfield code="a">https://ifl.wissensbank.com/fastlink.html?search=236111000</subfield>
      <subfield code="3">permalink</subfield>
    </datafield>
    <datafield tag="856" ind1=" " ind2=" ">
      <subfield code="a">https://ifl.wissensbank.com/cgi-bin/starfetch.exe?fMwyRgssRHptCwHVHbhXqLC7a05ez1A3pa6NwX6u5VeI7GX3Ad53v3.jFw5iHv7R7kLULXxio@e8vEDmwDQTZ6K4p3YTOsWvce3ERt3QKmfjAYATKfkhvoy2N5tEHiOTQ3wZJFK4c9CR0hTY8w2Wew/HK700.jpg</subfield>
      <subfield code="3">file</subfield>
    </datafield>
  </record>