
  <record>
    <leader>01250nem  22002893  4500</leader>
    <controlfield tag="001">236792000</controlfield>
    <controlfield tag="003">DE-185</controlfield>
    <controlfield tag="007">ta</controlfield>
    <controlfield tag="008">1784                             i|ger</controlfield>
    <datafield tag="041" ind1=" " ind2=" ">
      <subfield code="a">ger</subfield>
    </datafield>
    <datafield tag="084" ind1=" " ind2=" ">
      <subfield code="a">RA05.01 Deutschland</subfield>
    </datafield>
    <datafield tag="225" ind1=" " ind2=" ">
      <subfield code="c">E 12°24'46"-E 12°25'36"/N 51°51'09"-N 51°50'37"</subfield>
    </datafield>
    <datafield tag="245" ind1="1" ind2="0">
      <subfield code="a">Erklärung des Grundrisses des Gartens zu Wörlitz</subfield>
      <subfield code="c">Neumark f. I. S. Probst Sculp.</subfield>
    </datafield>
    <datafield tag="260" ind1=" " ind2=" ">
      <subfield code="a">Dessau</subfield>
      <subfield code="c">1784</subfield>
    </datafield>
    <datafield tag="300" ind1=" " ind2=" ">
      <subfield code="a">1 Kt.</subfield>
      <subfield code="b">unkolor.</subfield>
      <subfield code="c">41 x 48 cm</subfield>
    </datafield>
    <datafield tag="337" ind1=" " ind2=" ">
      <subfield code="a">Karte</subfield>
    </datafield>
    <datafield tag="500" ind1=" " ind2=" ">
      <subfield code="a">Aus: Beschreibung des Fürstlichen Anhalt-Dessauischen Landhauses und englischen Gartens zu Wörlitz, Dessau 1788 / August Rode. - Maßstab in graph. Form (Fuss). - Titel unterhalb des Kt.-Feldes. - Maßstab unten links. - Legende unten rechts. - Erkl. der Zeichen unterhalb des Kt.-Feldes. - Erkl. der Buchstaben oberhalb des Kt.-Feldes. - Relief angedeutet. - Oben rechts: Tab. I. - NO oben</subfield>
    </datafield>
    <datafield tag="520" ind1="3" ind2="#">
      <subfield code="a">Der Plan der Wörlitzer Gartenanlage dokumentiert den Zustand im Jahr  1784 mit den bestehenden Gartenteilen Schlossgarten, Neumarks Garten und  Schochs Garten. Oberhalb der Darstellung befinden sich die benennungen  der mit Kleinbuchstaben gekennzeichnetn Gebäude. Die mit versalien im  Plan gekennzeichnetn Stellen verweisen auf später nur teilweise  ausgeführte Ansichten des Gartens von Georg Melchior Kraus. In der  rechten unteren Ecke der Darstellungen befindet sich eine Legende der  Gartendarstellung sowie ein Maßstab und eine Windrose.</subfield>
    </datafield>
    <datafield tag="650" ind1=" " ind2="4">
      <subfield code="a">Altkarte</subfield>
    </datafield>
    <datafield tag="650" ind1=" " ind2="4">
      <subfield code="a">Landschaftsbau</subfield>
    </datafield>
    <datafield tag="651" ind1=" " ind2="4">
      <subfield code="a">Deutschland</subfield>
    </datafield>
    <datafield tag="651" ind1=" " ind2="4">
      <subfield code="a">Oranienbaum-Wörlitz</subfield>
    </datafield>
    <datafield tag="653" ind1="1" ind2=" ">
      <subfield code="a">Park</subfield>
    </datafield>
    <datafield tag="700" ind1="2" ind2=" ">
      <subfield code="a">Probst, Israel Salomon</subfield>
    </datafield>
    <datafield tag="700" ind1="2" ind2=" ">
      <subfield code="a">Neumark, Johann Christian</subfield>
    </datafield>
    <datafield tag="841" ind1=" " ind2=" ">
      <subfield code="a">em__</subfield>
      <subfield code="b">1784</subfield>
      <subfield code="c">3</subfield>
    </datafield>
    <datafield tag="852" ind1=" " ind2=" ">
      <subfield code="a">DE-185</subfield>
      <subfield code="c">Historische Abteilung</subfield>
      <subfield code="m">HK 0712</subfield>
      <subfield code="t">236792001</subfield>
    </datafield>
    <datafield tag="856" ind1=" " ind2=" ">
      <subfield code="a">https://ifl.wissensbank.com/fastlink.html?search=236792000</subfield>
      <subfield code="3">permalink</subfield>
    </datafield>
    <datafield tag="856" ind1=" " ind2=" ">
      <subfield code="a">https://ifl.wissensbank.com/cgi-bin/starfetch.exe?BP0LbK50FT@cZVfymL3vWqgt.RqZwZ@8IcFzluCQCDxX1lETHxPsVoajDcptU6y.n63IjDtuxelZTy30I0kpmDPCbIy4f2i5wZpqHM5wEyDU1bhFgj8M75j@dxNxQtcAa0GqLXIM0SxW4UcW.l0UwQ/HK712.jpg</subfield>
      <subfield code="3">file</subfield>
    </datafield>
  </record>