
  <record>
    <leader>01250nem  22002893  4500</leader>
    <controlfield tag="001">236793000</controlfield>
    <controlfield tag="003">DE-185</controlfield>
    <controlfield tag="007">ta</controlfield>
    <controlfield tag="008">1830                             i|ger</controlfield>
    <datafield tag="041" ind1=" " ind2=" ">
      <subfield code="a">ger</subfield>
    </datafield>
    <datafield tag="084" ind1=" " ind2=" ">
      <subfield code="a">RA05.01 Deutschland</subfield>
    </datafield>
    <datafield tag="225" ind1=" " ind2=" ">
      <subfield code="c">E 11°32'51"-E 11°36'23"/N 48°09'12"-N 48°07'26"</subfield>
    </datafield>
    <datafield tag="245" ind1="1" ind2="0">
      <subfield code="a">Plan der Königl. Haupt- und Residenz-Stadt München</subfield>
    </datafield>
    <datafield tag="260" ind1=" " ind2=" ">
      <subfield code="a">[S.l.]</subfield>
      <subfield code="c">[ca. 1830]</subfield>
    </datafield>
    <datafield tag="300" ind1=" " ind2=" ">
      <subfield code="a">1 Kt.</subfield>
      <subfield code="b">unkolor.</subfield>
      <subfield code="c">30 x 21 cm</subfield>
    </datafield>
    <datafield tag="337" ind1=" " ind2=" ">
      <subfield code="a">Karte</subfield>
    </datafield>
    <datafield tag="500" ind1=" " ind2=" ">
      <subfield code="a">Maßstab in graph. Form ohne Maßeinheit. - Titel unterhalb des Kt.-Feldes. - Maßstab unten rechts. - Erkl. der Zeichen links und rechts am Kt.-Rand. - Mit Gebäudekennzeichnung. - Ohne Relief</subfield>
    </datafield>
    <datafield tag="520" ind1="3" ind2="#">
      <subfield code="a">Stadtplan von München</subfield>
    </datafield>
    <datafield tag="650" ind1=" " ind2="4">
      <subfield code="a">Altkarte</subfield>
    </datafield>
    <datafield tag="650" ind1=" " ind2="4">
      <subfield code="a">Stadtplan</subfield>
    </datafield>
    <datafield tag="651" ind1=" " ind2="4">
      <subfield code="a">Deutschland</subfield>
    </datafield>
    <datafield tag="651" ind1=" " ind2="4">
      <subfield code="a">München</subfield>
    </datafield>
    <datafield tag="841" ind1=" " ind2=" ">
      <subfield code="a">em__</subfield>
      <subfield code="b">1830</subfield>
      <subfield code="c">3</subfield>
    </datafield>
    <datafield tag="852" ind1=" " ind2=" ">
      <subfield code="a">DE-185</subfield>
      <subfield code="c">Historische Abteilung</subfield>
      <subfield code="m">HK 0713</subfield>
      <subfield code="t">236793001</subfield>
    </datafield>
    <datafield tag="856" ind1=" " ind2=" ">
      <subfield code="a">https://ifl.wissensbank.com/fastlink.html?search=236793000</subfield>
      <subfield code="3">permalink</subfield>
    </datafield>
    <datafield tag="856" ind1=" " ind2=" ">
      <subfield code="a">https://ifl.wissensbank.com/cgi-bin/starfetch.exe?bpffj3hE5dU6s@OkbGhoqt@NW8EPd30O7GlO3zBm0DVi7xxAe82xr7@X9inMQQXGUDSlQUN0JcO7nqE1SiK7yt7AkkULiDhASaLTbBx4isQ@cCg12Zy9fbqEgUo7YeavJi567E8rGPfS0yXQgPYpNg/HK713.jpg</subfield>
      <subfield code="3">file</subfield>
    </datafield>
  </record>