
  <record>
    <leader>01250nem  22002893  4500</leader>
    <controlfield tag="001">237250000</controlfield>
    <controlfield tag="003">DE-185</controlfield>
    <controlfield tag="007">ta</controlfield>
    <controlfield tag="008">1852                             i|fre</controlfield>
    <datafield tag="041" ind1=" " ind2=" ">
      <subfield code="a">fre</subfield>
    </datafield>
    <datafield tag="084" ind1=" " ind2=" ">
      <subfield code="a">RA04.06 Frankreich</subfield>
    </datafield>
    <datafield tag="225" ind1=" " ind2=" ">
      <subfield code="c">E 2°13'14"-E 2°25'20"/N 48°54'16"-N 48°48'47"</subfield>
    </datafield>
    <datafield tag="245" ind1="1" ind2="0">
      <subfield code="a">Nouveau Plan Complet De Paris Avec Ses Fortifications</subfield>
      <subfield code="b">Divisé En 12 Arrondissements &amp; 48 Sections Avec Les Principaux Monuments En Elévation, Donnant La Distance Légale En Mètres Des Forts Détachés ; Aux Murs D'Enceinte &amp; Aux Murs D'Octroi, indiquant La Population &amp; Les Fêtes Patronales Des Environs De Paris</subfield>
      <subfield code="c">chez A. Bes et F. Dubreuil, Editeurs</subfield>
    </datafield>
    <datafield tag="260" ind1=" " ind2=" ">
      <subfield code="a">Paris</subfield>
      <subfield code="c">1852</subfield>
    </datafield>
    <datafield tag="300" ind1=" " ind2=" ">
      <subfield code="a">1 Kt.</subfield>
      <subfield code="b">teilw. kolor.</subfield>
      <subfield code="c">83 x 56 cm</subfield>
    </datafield>
    <datafield tag="337" ind1=" " ind2=" ">
      <subfield code="a">Karte</subfield>
    </datafield>
    <datafield tag="500" ind1=" " ind2=" ">
      <subfield code="a">Maßstab in graph. Form (Mètres). - Titel oberhalb des Kt.-Feldes. - Maßstab unten Mitte. - Mit Straßenverz. am Kt.-Rand. - Mit 1 Nebenkt.: Environs de Paris indiquant Tous Les Forts. - Anm. unten Mitte. - Teilw. mit Gebäudekennzeichnung. - Ohne Relief</subfield>
    </datafield>
    <datafield tag="520" ind1="3" ind2="#">
      <subfield code="a">Stadtplan von Paris mit Straßennamen, Gebäudekennzeichnungen und Eisenbahnrouten</subfield>
    </datafield>
    <datafield tag="650" ind1=" " ind2="4">
      <subfield code="a">Altkarte</subfield>
    </datafield>
    <datafield tag="650" ind1=" " ind2="4">
      <subfield code="a">Stadtplan</subfield>
    </datafield>
    <datafield tag="651" ind1=" " ind2="4">
      <subfield code="a">Frankreich</subfield>
    </datafield>
    <datafield tag="651" ind1=" " ind2="4">
      <subfield code="a">Paris</subfield>
    </datafield>
    <datafield tag="700" ind1="2" ind2=" ">
      <subfield code="a">Bés, A.</subfield>
    </datafield>
    <datafield tag="700" ind1="2" ind2=" ">
      <subfield code="a">Dubreuil, F.</subfield>
    </datafield>
    <datafield tag="700" ind1="2" ind2=" ">
      <subfield code="a">Henriot, J. N.</subfield>
    </datafield>
    <datafield tag="841" ind1=" " ind2=" ">
      <subfield code="a">em__</subfield>
      <subfield code="b">1852</subfield>
      <subfield code="c">3</subfield>
    </datafield>
    <datafield tag="852" ind1=" " ind2=" ">
      <subfield code="a">DE-185</subfield>
      <subfield code="c">Historische Abteilung</subfield>
      <subfield code="m">HK 0733</subfield>
      <subfield code="t">237250001</subfield>
    </datafield>
    <datafield tag="856" ind1=" " ind2=" ">
      <subfield code="a">https://ifl.wissensbank.com/fastlink.html?search=237250000</subfield>
      <subfield code="3">permalink</subfield>
    </datafield>
    <datafield tag="856" ind1=" " ind2=" ">
      <subfield code="a">https://ifl.wissensbank.com/cgi-bin/starfetch.exe?vF2z0RAdApNvVBHBCaJddl0DdcmSr76Gacb1gmZxtVVCokJywErMQrtNO2Cylnsezb9@voUtv1c2Qo7NwsatMcUssM5hSURT7F0w.m9.pUHB3yaZbpawojvkkQgBfMphs50g.Wbw7QD8znRcKbQboQ/HK733.jpg</subfield>
      <subfield code="3">file</subfield>
    </datafield>
  </record>