
  <record>
    <leader>01250nem  22002893  4500</leader>
    <controlfield tag="001">237330000</controlfield>
    <controlfield tag="003">DE-185</controlfield>
    <controlfield tag="007">ta</controlfield>
    <controlfield tag="008">1876                             i|ger</controlfield>
    <datafield tag="041" ind1=" " ind2=" ">
      <subfield code="a">ger</subfield>
    </datafield>
    <datafield tag="084" ind1=" " ind2=" ">
      <subfield code="a">RA05.05 Historische deutsche Gebiete</subfield>
    </datafield>
    <datafield tag="225" ind1=" " ind2=" ">
      <subfield code="a">1 : 150 000</subfield>
      <subfield code="c">E 18°12'00"-E 20°33'00"/N 55°08'00"-N 54°08'00"</subfield>
    </datafield>
    <datafield tag="245" ind1="1" ind2="0">
      <subfield code="a">Ost-See. Deutsche Küste, Preussen</subfield>
      <subfield code="b">Section VII</subfield>
      <subfield code="c">Vermessen im Jahre 1876 unter Leitung des Corv. Capt. Hoffmann durch S. M. Kanonenboot "Delphin"</subfield>
    </datafield>
    <datafield tag="260" ind1=" " ind2=" ">
      <subfield code="a">[Berlin]</subfield>
      <subfield code="b">Hydrographisches Amt der Kaiserlichen Admiralität</subfield>
      <subfield code="c">1876</subfield>
    </datafield>
    <datafield tag="300" ind1=" " ind2=" ">
      <subfield code="a">1 Kt.</subfield>
      <subfield code="b">teilw. kolor.</subfield>
      <subfield code="c">97 x 69 cm</subfield>
    </datafield>
    <datafield tag="337" ind1=" " ind2=" ">
      <subfield code="a">Karte</subfield>
    </datafield>
    <datafield tag="500" ind1=" " ind2=" ">
      <subfield code="a">Ohne Maßstab. - Titel, Abkürzungsverz. und Tab. der Höhen- und Tiefen unten rechts. - Mit Höhen- und Tiefenangaben. - Mit 2 Nebenkt.: Neufahrwasser. Seetief &amp; Hafen von Pillau. - Mit mehreren Profilen und Gebäudezeichnungen. - Relief: Schraffen</subfield>
    </datafield>
    <datafield tag="520" ind1="3" ind2="#">
      <subfield code="a">Danziger Bucht mit Tiefen- und Höhenangaben. Ostseeküste mit Städten, Flüssen, Eisenbahnrouten</subfield>
    </datafield>
    <datafield tag="650" ind1=" " ind2="4">
      <subfield code="a">Altkarte</subfield>
    </datafield>
    <datafield tag="650" ind1=" " ind2="4">
      <subfield code="a">Seekarte</subfield>
    </datafield>
    <datafield tag="650" ind1=" " ind2="4">
      <subfield code="a">Küste</subfield>
    </datafield>
    <datafield tag="650" ind1=" " ind2="4">
      <subfield code="a">Bucht</subfield>
    </datafield>
    <datafield tag="651" ind1=" " ind2="4">
      <subfield code="a">Ostseeküste</subfield>
    </datafield>
    <datafield tag="651" ind1=" " ind2="4">
      <subfield code="a">Danziger Bucht</subfield>
    </datafield>
    <datafield tag="700" ind1="2" ind2=" ">
      <subfield code="a">Hoffmann, Rudolf</subfield>
    </datafield>
    <datafield tag="841" ind1=" " ind2=" ">
      <subfield code="a">em__</subfield>
      <subfield code="b">1876</subfield>
      <subfield code="c">3</subfield>
    </datafield>
    <datafield tag="852" ind1=" " ind2=" ">
      <subfield code="a">DE-185</subfield>
      <subfield code="c">Historische Abteilung</subfield>
      <subfield code="m">HK 1058</subfield>
      <subfield code="t">237330001</subfield>
    </datafield>
    <datafield tag="856" ind1=" " ind2=" ">
      <subfield code="a">https://ifl.wissensbank.com/fastlink.html?search=237330000</subfield>
      <subfield code="3">permalink</subfield>
    </datafield>
    <datafield tag="856" ind1=" " ind2=" ">
      <subfield code="a">https://ifl.wissensbank.com/cgi-bin/starfetch.exe?DfmH9VrphEW9K0ATD9Ao86d0riwSF@iR3H1w33lFJ4rSXsPN8I8mFXGW22N2mK3t5kSdyPLUEzuHNGgSGTeg2kU4@TCLNtyrRqRiZGzYYf@zebZ1f1dASArCdXq.n7jKJdqME9@TBumjp1rWH90BNQ/HK1058.jpg</subfield>
      <subfield code="3">file</subfield>
    </datafield>
  </record>