
  <record>
    <leader>01250nem  22002893  4500</leader>
    <controlfield tag="001">237342000</controlfield>
    <controlfield tag="003">DE-185</controlfield>
    <controlfield tag="007">ta</controlfield>
    <controlfield tag="008">1843                             i|cat</controlfield>
    <datafield tag="041" ind1=" " ind2=" ">
      <subfield code="a">cat</subfield>
    </datafield>
    <datafield tag="084" ind1=" " ind2=" ">
      <subfield code="a">RA Europa</subfield>
    </datafield>
    <datafield tag="084" ind1=" " ind2=" ">
      <subfield code="a">RG Naher und Mittlerer Osten und Nordafrika</subfield>
    </datafield>
    <datafield tag="225" ind1=" " ind2=" ">
      <subfield code="c">W 26°27'00"-E 46°03'00"/N 60°59'00"-N 23°29'00"</subfield>
    </datafield>
    <datafield tag="245" ind1="1" ind2="0">
      <subfield code="a">Mapamondi Vol Dir Aytant Con Ymage Del Mon E De Les Regions Que</subfield>
      <subfield code="b">Erdkarte mit Legende in catalanischer Sprache, gezeichnet 1375 in Mallorca</subfield>
      <subfield code="c">Facsimile in Umriß publ. von Buchon u. Tastu. Umdruck von L. Kraatz</subfield>
    </datafield>
    <datafield tag="260" ind1=" " ind2=" ">
      <subfield code="a">Berlin</subfield>
      <subfield code="b">L. Kraatz</subfield>
      <subfield code="c">1843</subfield>
    </datafield>
    <datafield tag="300" ind1=" " ind2=" ">
      <subfield code="a">1 Kt.</subfield>
      <subfield code="b">Grenzen kolor.</subfield>
      <subfield code="c">46 x 31 cm</subfield>
    </datafield>
    <datafield tag="337" ind1=" " ind2=" ">
      <subfield code="a">Karte</subfield>
    </datafield>
    <datafield tag="500" ind1=" " ind2=" ">
      <subfield code="a">Aus: Notices et Extraits de Manuscrits de la Bibliothèque du Roi, Vol. XIV. - Ohne Maßstab. - Titel oberhalb des Kt.-Feldes. - Mit Anm. im Kt.-Feld. - Ohne Relief</subfield>
    </datafield>
    <datafield tag="520" ind1="3" ind2="#">
      <subfield code="a">Faksimile einer Karte über Europa und Teile Afrikas aus dem Jahr 1375</subfield>
    </datafield>
    <datafield tag="650" ind1=" " ind2="4">
      <subfield code="a">Altkarte</subfield>
    </datafield>
    <datafield tag="650" ind1=" " ind2="4">
      <subfield code="a">Weltkarte</subfield>
    </datafield>
    <datafield tag="651" ind1=" " ind2="4">
      <subfield code="a">Europa</subfield>
    </datafield>
    <datafield tag="651" ind1=" " ind2="4">
      <subfield code="a">Naher und Mittlerer Osten und Nordafrika</subfield>
    </datafield>
    <datafield tag="653" ind1="1" ind2=" ">
      <subfield code="a">Mittelalter</subfield>
    </datafield>
    <datafield tag="700" ind1="2" ind2=" ">
      <subfield code="a">Kraatz, Leopold</subfield>
    </datafield>
    <datafield tag="700" ind1="2" ind2=" ">
      <subfield code="a">Buchon, Jean Alexandre C.</subfield>
    </datafield>
    <datafield tag="700" ind1="2" ind2=" ">
      <subfield code="a">Tastu, Joseph</subfield>
    </datafield>
    <datafield tag="841" ind1=" " ind2=" ">
      <subfield code="a">em__</subfield>
      <subfield code="b">1843</subfield>
      <subfield code="c">3</subfield>
    </datafield>
    <datafield tag="852" ind1=" " ind2=" ">
      <subfield code="a">DE-185</subfield>
      <subfield code="c">Historische Abteilung</subfield>
      <subfield code="m">HK 1062</subfield>
      <subfield code="t">237342001</subfield>
    </datafield>
    <datafield tag="856" ind1=" " ind2=" ">
      <subfield code="a">https://ifl.wissensbank.com/fastlink.html?search=237342000</subfield>
      <subfield code="3">permalink</subfield>
    </datafield>
    <datafield tag="856" ind1=" " ind2=" ">
      <subfield code="a">https://ifl.wissensbank.com/cgi-bin/starfetch.exe?D53qhk5rRCH7m5Sr67GBGfwmiuvBKI5qpnedfIJ4Lpg5R9R1LcDmVczi6atWmRvEDPg98EKH178gKaW7jx0h2z7wzrdwabLE6lRPpsJ5t2IyPYJ40udBpM9W3dpEgZ1FGIrhNv3CiEBbU4HLCKk5XA/HK1062.jpg</subfield>
      <subfield code="3">file</subfield>
    </datafield>
  </record>