
  <record>
    <leader>01250nem  22002893  4500</leader>
    <controlfield tag="001">237521000</controlfield>
    <controlfield tag="003">DE-185</controlfield>
    <controlfield tag="007">ta</controlfield>
    <controlfield tag="008">1881                             i|ger</controlfield>
    <datafield tag="041" ind1=" " ind2=" ">
      <subfield code="a">ger</subfield>
    </datafield>
    <datafield tag="084" ind1=" " ind2=" ">
      <subfield code="a">RA02.12 Ostseeraum/Ostsee</subfield>
    </datafield>
    <datafield tag="225" ind1=" " ind2=" ">
      <subfield code="a">1 : 300 000</subfield>
      <subfield code="c">E 9°24'00"-E 13°02'00"/N 55°14'00"-N 53°51'00"</subfield>
    </datafield>
    <datafield tag="245" ind1="1" ind2="0">
      <subfield code="a">Die Ost-See, Westlicher Theil</subfield>
      <subfield code="b">Mit Der Einsegelung Durch Den Sund Und Die Belte</subfield>
      <subfield code="c">Gez. v. L. Schmid. Gestochen im Atelier v. H. Petters in Hildburghausen. Herausgegeben von dem Hydrographischen Amt der Kaiserlichen Marine</subfield>
    </datafield>
    <datafield tag="260" ind1=" " ind2=" ">
      <subfield code="a">Berlin</subfield>
      <subfield code="b">Deitrich Reimer</subfield>
      <subfield code="c">1881</subfield>
    </datafield>
    <datafield tag="300" ind1=" " ind2=" ">
      <subfield code="a">1 Kt. [auf 2 Bl.]</subfield>
      <subfield code="b">teilw. kolor.</subfield>
      <subfield code="c">79 x 51 cm</subfield>
    </datafield>
    <datafield tag="337" ind1=" " ind2=" ">
      <subfield code="a">Karte</subfield>
    </datafield>
    <datafield tag="500" ind1=" " ind2=" ">
      <subfield code="a">Nur unterer Teil der Kt. vorhanden. - Ohne Maßstab. - Titel, Abkürzungsverz. und Tab. der Höhen- und Tiefen unten links. - Mit Höhen- und Tiefenangaben. - Mit Nummerierug: No. 69. - Relief angedeutet</subfield>
    </datafield>
    <datafield tag="520" ind1="3" ind2="#">
      <subfield code="a">Westlicher Teil der Ostsee mit Höhen- und Tiefenangaben</subfield>
    </datafield>
    <datafield tag="650" ind1=" " ind2="4">
      <subfield code="a">Altkarte</subfield>
    </datafield>
    <datafield tag="650" ind1=" " ind2="4">
      <subfield code="a">Seekarte</subfield>
    </datafield>
    <datafield tag="651" ind1=" " ind2="4">
      <subfield code="a">Ostsee</subfield>
    </datafield>
    <datafield tag="700" ind1="2" ind2=" ">
      <subfield code="a">Petters, Hugo</subfield>
    </datafield>
    <datafield tag="700" ind1="2" ind2=" ">
      <subfield code="a">Schmid, L.</subfield>
    </datafield>
    <datafield tag="700" ind1="2" ind2=" ">
      <subfield code="a">Reimer, Dietrich</subfield>
    </datafield>
    <datafield tag="841" ind1=" " ind2=" ">
      <subfield code="a">em__</subfield>
      <subfield code="b">1881</subfield>
      <subfield code="c">3</subfield>
    </datafield>
    <datafield tag="852" ind1=" " ind2=" ">
      <subfield code="a">DE-185</subfield>
      <subfield code="c">Historische Abteilung</subfield>
      <subfield code="m">HK 1064</subfield>
      <subfield code="t">237521001</subfield>
    </datafield>
    <datafield tag="856" ind1=" " ind2=" ">
      <subfield code="a">https://ifl.wissensbank.com/fastlink.html?search=237521000</subfield>
      <subfield code="3">permalink</subfield>
    </datafield>
    <datafield tag="856" ind1=" " ind2=" ">
      <subfield code="a">https://ifl.wissensbank.com/cgi-bin/starfetch.exe?9XZtY3zzjAmvDaPngKbzMKaEyaZ6WLTdKVSpgOe7jN2Y6huMJZjkaEeZ09vJ0W2O1PaJHkkIUGGeq5cSlTN.ouSvhRdfzjCKKj.NkyJVtnFVeBgt0gPtpyA8cUYk2tBOXvzI3povjccH8JqQUjsZXw/HK1064.jpg</subfield>
      <subfield code="3">file</subfield>
    </datafield>
  </record>