
  <record>
    <leader>01250nem  22002893  4500</leader>
    <controlfield tag="001">237699000</controlfield>
    <controlfield tag="003">DE-185</controlfield>
    <controlfield tag="007">ta</controlfield>
    <controlfield tag="008">1864                             i|eng</controlfield>
    <datafield tag="041" ind1=" " ind2=" ">
      <subfield code="a">eng</subfield>
    </datafield>
    <datafield tag="084" ind1=" " ind2=" ">
      <subfield code="a">RA06.02 Spanien</subfield>
    </datafield>
    <datafield tag="225" ind1=" " ind2=" ">
      <subfield code="c">W 16°58'01"-W 16°04'47"/N 28°37'05"-N 27°59'53"</subfield>
    </datafield>
    <datafield tag="245" ind1="1" ind2="0">
      <subfield code="a">Tenerife</subfield>
      <subfield code="b">Canary Islands</subfield>
      <subfield code="c">Surveyed By Capt[ai]n A. T. E. Vidal R. N. Assisted by Lieut. G. A. Bedford Mr. W. H. church Mt. &amp; the Officers of H. M. S. Etna &amp; Raven 1838. [J. &amp; C. Walker Sculp[si]t. Published according to Act of Parliament at the Hydrographic Office of the Admiralty June 25th 1848. Sold by J. D. Potter, Agent for the Admirality Charts. Large corrections Aug[us]t 1864]</subfield>
    </datafield>
    <datafield tag="260" ind1=" " ind2=" ">
      <subfield code="a">[London]</subfield>
      <subfield code="b">[Hydrographic Office of the Admiralty ]</subfield>
      <subfield code="c">1864</subfield>
    </datafield>
    <datafield tag="300" ind1=" " ind2=" ">
      <subfield code="a">1 Kt.</subfield>
      <subfield code="b">unkolor.</subfield>
      <subfield code="c">62 x 47 cm, gefaltet  14 x 25 cm</subfield>
    </datafield>
    <datafield tag="337" ind1=" " ind2=" ">
      <subfield code="a">Karte</subfield>
    </datafield>
    <datafield tag="500" ind1=" " ind2=" ">
      <subfield code="a">Ohne Maßstab. - Titel und Legende unten rechts. - Verlegerstempel darüber. - Mit Tiefenangaben. - Relief: Schraffen. - Mit 2 Profilen: Santa Cruz. Peak Of Tenerife. - NNE oben</subfield>
    </datafield>
    <datafield tag="520" ind1="3" ind2="#">
      <subfield code="a">Teneriffa mit Städten, Bergen, Tiefenangaben und eingezeichneter Reiseroute</subfield>
    </datafield>
    <datafield tag="541" ind1=" " ind2=" ">
      <subfield code="a">Collection Alphons Stübel</subfield>
    </datafield>
    <datafield tag="562" ind1=" " ind2=" ">
      <subfield code="a">Nummer aus Altbestand</subfield>
      <subfield code="b">AF 27b/12</subfield>
    </datafield>
    <datafield tag="650" ind1=" " ind2="4">
      <subfield code="a">Altkarte</subfield>
    </datafield>
    <datafield tag="650" ind1=" " ind2="4">
      <subfield code="a">Seekarte</subfield>
    </datafield>
    <datafield tag="651" ind1=" " ind2="4">
      <subfield code="a">Spanien</subfield>
    </datafield>
    <datafield tag="651" ind1=" " ind2="4">
      <subfield code="a">Tenerife (Teneriffa)</subfield>
    </datafield>
    <datafield tag="700" ind1="2" ind2=" ">
      <subfield code="a">Vidal, Alexander T.</subfield>
    </datafield>
    <datafield tag="700" ind1="2" ind2=" ">
      <subfield code="a">Bedford, G. A.</subfield>
    </datafield>
    <datafield tag="700" ind1="2" ind2=" ">
      <subfield code="a">Church, W. H.</subfield>
    </datafield>
    <datafield tag="700" ind1="2" ind2=" ">
      <subfield code="a">Walker, Charles</subfield>
    </datafield>
    <datafield tag="700" ind1="2" ind2=" ">
      <subfield code="a">Walker, John</subfield>
    </datafield>
    <datafield tag="700" ind1="2" ind2=" ">
      <subfield code="a">Potter, John D.</subfield>
    </datafield>
    <datafield tag="841" ind1=" " ind2=" ">
      <subfield code="a">em__</subfield>
      <subfield code="b">1864</subfield>
      <subfield code="c">3</subfield>
    </datafield>
    <datafield tag="852" ind1=" " ind2=" ">
      <subfield code="a">DE-185</subfield>
      <subfield code="c">Historische Abteilung</subfield>
      <subfield code="m">HK 1522</subfield>
      <subfield code="t">237699001</subfield>
    </datafield>
    <datafield tag="856" ind1=" " ind2=" ">
      <subfield code="a">https://ifl.wissensbank.com/fastlink.html?search=237699000</subfield>
      <subfield code="3">permalink</subfield>
    </datafield>
    <datafield tag="856" ind1=" " ind2=" ">
      <subfield code="a">https://ifl.wissensbank.com/cgi-bin/starfetch.exe?rcG1qzQ3uHqr6Q5wqahVoqlV@zvEAdopNrTQhC3UobXLWswzxrwZqS7eUd0Pu.jLiySg6VYozza19FZd8o7VoSisa18MiTxnyvHw.KtU6ZMX@90VAuZ4zDKmVYSmV2FkO54wBGoyhkvAfBVRuF1trg/HK1522.jpg</subfield>
      <subfield code="3">file</subfield>
    </datafield>
  </record>