
  <record>
    <leader>01250nem  22002893  4500</leader>
    <controlfield tag="001">237758000</controlfield>
    <controlfield tag="003">DE-185</controlfield>
    <controlfield tag="007">ta</controlfield>
    <controlfield tag="008">1870                             i|ger</controlfield>
    <datafield tag="041" ind1=" " ind2=" ">
      <subfield code="a">ger</subfield>
    </datafield>
    <datafield tag="084" ind1=" " ind2=" ">
      <subfield code="a">RD04.15 Ecuador</subfield>
    </datafield>
    <datafield tag="225" ind1=" " ind2=" ">
      <subfield code="c">W 79°10'00"-W 77°54'00"/S 0°55'00"-S 2°23'00"</subfield>
    </datafield>
    <datafield tag="245" ind1="1" ind2="0">
      <subfield code="a">[Vulkane von Ecúador]</subfield>
      <subfield code="b">[Südliches Blatt]</subfield>
    </datafield>
    <datafield tag="260" ind1=" " ind2=" ">
      <subfield code="a">[S.l.]</subfield>
      <subfield code="c">[ca. 1870]</subfield>
    </datafield>
    <datafield tag="300" ind1=" " ind2=" ">
      <subfield code="a">1 Kt.</subfield>
      <subfield code="b">unkolor.</subfield>
      <subfield code="c">65 x 55 cm</subfield>
    </datafield>
    <datafield tag="337" ind1=" " ind2=" ">
      <subfield code="a">Karte</subfield>
    </datafield>
    <datafield tag="500" ind1=" " ind2=" ">
      <subfield code="a">Handgezeichnet. - Maßstab in graph. Form (Kilometer). - Ohne Titel. - Maßstab unten rechts. - Gehört zu: HK 1519. - Ohne Relief</subfield>
    </datafield>
    <datafield tag="520" ind1="3" ind2="#">
      <subfield code="a">Vogelperspektive der Vulkane von Ecuador</subfield>
    </datafield>
    <datafield tag="541" ind1=" " ind2=" ">
      <subfield code="a">Collection Alphons Stübel</subfield>
    </datafield>
    <datafield tag="562" ind1=" " ind2=" ">
      <subfield code="a">Nummer aus Altbestand</subfield>
      <subfield code="b">SAm 11b/18</subfield>
    </datafield>
    <datafield tag="650" ind1=" " ind2="4">
      <subfield code="a">Altkarte</subfield>
    </datafield>
    <datafield tag="650" ind1=" " ind2="4">
      <subfield code="a">Gebirge</subfield>
    </datafield>
    <datafield tag="650" ind1=" " ind2="4">
      <subfield code="a">Vulkanismus</subfield>
    </datafield>
    <datafield tag="651" ind1=" " ind2="4">
      <subfield code="a">Ecuador</subfield>
    </datafield>
    <datafield tag="841" ind1=" " ind2=" ">
      <subfield code="a">em__</subfield>
      <subfield code="b">1870</subfield>
      <subfield code="c">3</subfield>
    </datafield>
    <datafield tag="852" ind1=" " ind2=" ">
      <subfield code="a">DE-185</subfield>
      <subfield code="c">Historische Abteilung</subfield>
      <subfield code="m">HK 1525</subfield>
      <subfield code="t">237758001</subfield>
    </datafield>
    <datafield tag="856" ind1=" " ind2=" ">
      <subfield code="a">https://ifl.wissensbank.com/fastlink.html?search=237758000</subfield>
      <subfield code="3">permalink</subfield>
    </datafield>
    <datafield tag="856" ind1=" " ind2=" ">
      <subfield code="a">https://ifl.wissensbank.com/cgi-bin/starfetch.exe?RJEoPowsBKL3xb231eDi5u8Dl@6h7mQMwzU9t4uu6VTTTWhHSb2czfj3tDqOA3e.Kl6BtKsKsVs1PS6GvE21o5Umupi19qk0SvxaLos3DjZVPqIQVvWQ5Y3lKR7q1sDZq7L0RCNTpKhRsVKV4.28yA/HK1525.jpg</subfield>
      <subfield code="3">file</subfield>
    </datafield>
  </record>