
  <record>
    <leader>01250nem  22002893  4500</leader>
    <controlfield tag="001">237769000</controlfield>
    <controlfield tag="003">DE-185</controlfield>
    <controlfield tag="007">ta</controlfield>
    <controlfield tag="008">1801                             i|spa</controlfield>
    <datafield tag="041" ind1=" " ind2=" ">
      <subfield code="a">spa</subfield>
    </datafield>
    <datafield tag="084" ind1=" " ind2=" ">
      <subfield code="a">RD04.16 Kolumbien</subfield>
    </datafield>
    <datafield tag="245" ind1="1" ind2="0">
      <subfield code="a">Carta del curso del Rio de la Magdaléna desde Honda hasta el Digue de Mahates</subfield>
      <subfield code="b">formada sobre las observaciones astronomicas hechas en Abril, Mayo y Junio de 1801</subfield>
      <subfield code="c">p[o]r el Señor Baron Alexand. Humboldt. [Don Francisco José Caldás]</subfield>
    </datafield>
    <datafield tag="250" ind1=" " ind2=" ">
      <subfield code="a">Primer diseño</subfield>
    </datafield>
    <datafield tag="260" ind1=" " ind2=" ">
      <subfield code="a">[S.l.]</subfield>
      <subfield code="c">[ca. 1801]</subfield>
    </datafield>
    <datafield tag="300" ind1=" " ind2=" ">
      <subfield code="a">1 Kt.</subfield>
      <subfield code="b">unkolor.</subfield>
      <subfield code="c">31 x 140 cm, je Teil ca. 31 x 70 cm</subfield>
    </datafield>
    <datafield tag="337" ind1=" " ind2=" ">
      <subfield code="a">Karte</subfield>
    </datafield>
    <datafield tag="500" ind1=" " ind2=" ">
      <subfield code="a">Abschrift auf Transparentpapier. - Ohne Maßstab. - Titel oben rechts. - Mit Erl. - Mit 2 Nebenkt.: Plan topografico de la Angostura de Carare. Plan topografico de la Angostura de Carare Parte 2a. - Mit dt. Anmerkung von A. Stübel. - Relief: Schraffen</subfield>
    </datafield>
    <datafield tag="520" ind1="3" ind2="#">
      <subfield code="a">Karte, Erläuterungen und Beobachtungen zu Alexander von Humboldts Reise im Jahr 1801 am Río Magdalena</subfield>
    </datafield>
    <datafield tag="541" ind1=" " ind2=" ">
      <subfield code="a">Collection Alphons Stübel</subfield>
    </datafield>
    <datafield tag="562" ind1=" " ind2=" ">
      <subfield code="a">Nummer aus Altbestand</subfield>
      <subfield code="b">SAm 12a/1a</subfield>
    </datafield>
    <datafield tag="650" ind1=" " ind2="4">
      <subfield code="a">Altkarte</subfield>
    </datafield>
    <datafield tag="650" ind1=" " ind2="4">
      <subfield code="a">Fluss</subfield>
    </datafield>
    <datafield tag="651" ind1=" " ind2="4">
      <subfield code="a">Kolumbien</subfield>
    </datafield>
    <datafield tag="651" ind1=" " ind2="4">
      <subfield code="a">Rio Magdalena</subfield>
    </datafield>
    <datafield tag="700" ind1="2" ind2=" ">
      <subfield code="a">Humboldt, Alexander von</subfield>
      <subfield code="1">118554700</subfield>
    </datafield>
    <datafield tag="700" ind1="2" ind2=" ">
      <subfield code="a">Caldas, Francisco José de</subfield>
    </datafield>
    <datafield tag="841" ind1=" " ind2=" ">
      <subfield code="a">em__</subfield>
      <subfield code="b">1801</subfield>
      <subfield code="c">3</subfield>
    </datafield>
    <datafield tag="852" ind1=" " ind2=" ">
      <subfield code="a">DE-185</subfield>
      <subfield code="c">Historische Abteilung</subfield>
      <subfield code="m">HK 1528 - 01</subfield>
      <subfield code="t">237769001</subfield>
    </datafield>
    <datafield tag="856" ind1=" " ind2=" ">
      <subfield code="a">https://ifl.wissensbank.com/fastlink.html?search=237769000</subfield>
      <subfield code="3">permalink</subfield>
    </datafield>
    <datafield tag="856" ind1=" " ind2=" ">
      <subfield code="a">https://ifl.wissensbank.com/cgi-bin/starfetch.exe?s0vKifJLILFdN6iX8rdQdVL@z6styTCxy0yqrhd5vyktp8G.MxEINGaQO@ofLZsjQLKAOpHoDy8cJwugUC2Jrq.bKKbJeHJeyfek@I5.lAvwkn1nfcNU6FQAlmm3o8cWJocq1IR9ayjF25zswOrN@A/HK1528%2eT.jpg</subfield>
      <subfield code="3">file</subfield>
    </datafield>
  </record>