
  <record>
    <leader>01250nem  22002893  4500</leader>
    <controlfield tag="001">238487000</controlfield>
    <controlfield tag="003">DE-185</controlfield>
    <controlfield tag="007">ta</controlfield>
    <controlfield tag="008">1900                             i|ger</controlfield>
    <datafield tag="041" ind1=" " ind2=" ">
      <subfield code="a">ger</subfield>
    </datafield>
    <datafield tag="084" ind1=" " ind2=" ">
      <subfield code="a">RD04.15 Ecuador</subfield>
    </datafield>
    <datafield tag="225" ind1=" " ind2=" ">
      <subfield code="a">1 : 1 500 000</subfield>
      <subfield code="c">W 81°24'00"-W 77°42'00"/N 1°26'00"-S 3°32'00"</subfield>
    </datafield>
    <datafield tag="245" ind1="1" ind2="0">
      <subfield code="a">Übersichtskarte von Mittel- und Nordecuador</subfield>
      <subfield code="c">Gezeichnet nach "Carta Geográfica del Ecuador von Th. Wolf 1892", "Das Vulkangebiet von Ecuador von A. Stübel und Th. Wolf 1897", "Britische Admiralitätskarten Nr. 586 und 3318", "Map of the Guayaquil &amp; Quito Railway". Höhenzahlen nach Reiss, Stübel und Hans Meyer</subfield>
    </datafield>
    <datafield tag="260" ind1=" " ind2=" ">
      <subfield code="a">Leipzig</subfield>
      <subfield code="b">Bibliographisches Institut</subfield>
      <subfield code="c">[um 1900]</subfield>
    </datafield>
    <datafield tag="300" ind1=" " ind2=" ">
      <subfield code="a">1 Kt.</subfield>
      <subfield code="b">kolor.</subfield>
      <subfield code="c">25 x 39 cm</subfield>
    </datafield>
    <datafield tag="337" ind1=" " ind2=" ">
      <subfield code="a">Karte</subfield>
    </datafield>
    <datafield tag="500" ind1=" " ind2=" ">
      <subfield code="a">Maßstab in graph. Form (Kilometer). - Titel, Maßstab und Legende oben links. - Mit Reiseroute. - Relief: Plastisch</subfield>
    </datafield>
    <datafield tag="520" ind1="3" ind2="#">
      <subfield code="a">Mittel- und Nordecuador mit Städten, Flüssen, Bergen und mit Reiseroute von Hans Meyer</subfield>
    </datafield>
    <datafield tag="541" ind1=" " ind2=" ">
      <subfield code="a">Collection Alphons Stübel</subfield>
    </datafield>
    <datafield tag="650" ind1=" " ind2="4">
      <subfield code="a">Altkarte</subfield>
    </datafield>
    <datafield tag="650" ind1=" " ind2="4">
      <subfield code="a">Physische Karte</subfield>
    </datafield>
    <datafield tag="651" ind1=" " ind2="4">
      <subfield code="a">Ecuador</subfield>
    </datafield>
    <datafield tag="700" ind1="2" ind2=" ">
      <subfield code="a">Meyer, Hans</subfield>
      <subfield code="1">119239353</subfield>
    </datafield>
    <datafield tag="700" ind1="2" ind2=" ">
      <subfield code="a">Wolf, Theodor</subfield>
    </datafield>
    <datafield tag="700" ind1="2" ind2=" ">
      <subfield code="a">Stübel, Alphons</subfield>
      <subfield code="1">118810421</subfield>
    </datafield>
    <datafield tag="700" ind1="2" ind2=" ">
      <subfield code="a">Reiss, Wilhelm</subfield>
      <subfield code="1">118810332</subfield>
    </datafield>
    <datafield tag="841" ind1=" " ind2=" ">
      <subfield code="a">em__</subfield>
      <subfield code="b">1900</subfield>
      <subfield code="c">3</subfield>
    </datafield>
    <datafield tag="852" ind1=" " ind2=" ">
      <subfield code="a">DE-185</subfield>
      <subfield code="c">Historische Abteilung</subfield>
      <subfield code="m">HK 1544</subfield>
      <subfield code="t">238487001</subfield>
    </datafield>
    <datafield tag="856" ind1=" " ind2=" ">
      <subfield code="a">https://ifl.wissensbank.com/fastlink.html?search=238487000</subfield>
      <subfield code="3">permalink</subfield>
    </datafield>
    <datafield tag="856" ind1=" " ind2=" ">
      <subfield code="a">https://ifl.wissensbank.com/cgi-bin/starfetch.exe?nfHK8oMS.Yp25u@qpUGxpGVmc7jhG3Jsw@H2wQ@Eaa8HdlCT4DMROKY3fYvEg7zQDdUnohF7NgCyNyQCH3Xvyq1qqhxnUpdCW@@PZ6vlVrFpEi8Dsn43A87UZpujTQTVcGJj8K@i3Wzb@PGaEzPGog/HK1544.jpg</subfield>
      <subfield code="3">file</subfield>
    </datafield>
  </record>