
  <record>
    <leader>01250nem  22002893  4500</leader>
    <controlfield tag="001">238494000</controlfield>
    <controlfield tag="003">DE-185</controlfield>
    <controlfield tag="007">ta</controlfield>
    <controlfield tag="008">1868                             i|spa</controlfield>
    <datafield tag="041" ind1=" " ind2=" ">
      <subfield code="a">spa</subfield>
    </datafield>
    <datafield tag="084" ind1=" " ind2=" ">
      <subfield code="a">RD04.16 Kolumbien</subfield>
    </datafield>
    <datafield tag="225" ind1=" " ind2=" ">
      <subfield code="c">W 77°01'00"-W 73°36'00"/N 11°15'00"-N 3°47'00"</subfield>
    </datafield>
    <datafield tag="245" ind1="1" ind2="0">
      <subfield code="a">Navegacion Del Rio Magdalena Por Vapor</subfield>
      <subfield code="c">Litografia de D. Parédes. C. Dornheim Lit.</subfield>
    </datafield>
    <datafield tag="260" ind1=" " ind2=" ">
      <subfield code="a">Bogotá</subfield>
      <subfield code="c">1868</subfield>
    </datafield>
    <datafield tag="300" ind1=" " ind2=" ">
      <subfield code="a">1 Kt.</subfield>
      <subfield code="b">unkolor.</subfield>
      <subfield code="c">60 x 47 cm</subfield>
    </datafield>
    <datafield tag="337" ind1=" " ind2=" ">
      <subfield code="a">Karte</subfield>
    </datafield>
    <datafield tag="500" ind1=" " ind2=" ">
      <subfield code="a">Ohne Maßstab. - Titel oben. - Enth. Kt.: Mapa Del Rio Magdalena Desde Honda hasta su Desembocadura</subfield>
    </datafield>
    <datafield tag="520" ind1="3" ind2="#">
      <subfield code="a">Reisekarte des Río Magdalena mit dem Dampfschiff. Mit Übersicht der Passagiergebühren, Frachtgebühren und Reiseroute</subfield>
    </datafield>
    <datafield tag="541" ind1=" " ind2=" ">
      <subfield code="a">Collection Alphons Stübel</subfield>
    </datafield>
    <datafield tag="562" ind1=" " ind2=" ">
      <subfield code="a">Nummer aus Altbestand</subfield>
      <subfield code="b">SAm 12b/22</subfield>
    </datafield>
    <datafield tag="650" ind1=" " ind2="4">
      <subfield code="a">Altkarte</subfield>
    </datafield>
    <datafield tag="650" ind1=" " ind2="4">
      <subfield code="a">Fluss</subfield>
    </datafield>
    <datafield tag="650" ind1=" " ind2="4">
      <subfield code="a">Reiseverkehr</subfield>
    </datafield>
    <datafield tag="651" ind1=" " ind2="4">
      <subfield code="a">Kolumbien</subfield>
    </datafield>
    <datafield tag="651" ind1=" " ind2="4">
      <subfield code="a">Rio Magdalena</subfield>
    </datafield>
    <datafield tag="700" ind1="2" ind2=" ">
      <subfield code="a">Parédes, Demetrio</subfield>
    </datafield>
    <datafield tag="700" ind1="2" ind2=" ">
      <subfield code="a">Dornheim, C.</subfield>
    </datafield>
    <datafield tag="841" ind1=" " ind2=" ">
      <subfield code="a">em__</subfield>
      <subfield code="b">1868</subfield>
      <subfield code="c">3</subfield>
    </datafield>
    <datafield tag="852" ind1=" " ind2=" ">
      <subfield code="a">DE-185</subfield>
      <subfield code="c">Historische Abteilung</subfield>
      <subfield code="m">HK 1546</subfield>
      <subfield code="t">238494001</subfield>
    </datafield>
    <datafield tag="856" ind1=" " ind2=" ">
      <subfield code="a">https://ifl.wissensbank.com/fastlink.html?search=238494000</subfield>
      <subfield code="3">permalink</subfield>
    </datafield>
    <datafield tag="856" ind1=" " ind2=" ">
      <subfield code="a">https://ifl.wissensbank.com/cgi-bin/starfetch.exe?gnFFmR8.vjqpFFilWJ.XupQIu8TyGKgw9vuWlFjTkT8tOtnbmfX9GlggMpdZHTCj00ovqgWCNRAJ43Eh.kYhbiwa3e46y6YSKwA5zx3yEE0rseA4e0YqCDykCF5hVzOvVlCdlbkkbcsn9U.OwzDdvg/HK1546.jpg</subfield>
      <subfield code="3">file</subfield>
    </datafield>
  </record>