
  <record>
    <leader>01250nem  22002893  4500</leader>
    <controlfield tag="001">238512000</controlfield>
    <controlfield tag="003">DE-185</controlfield>
    <controlfield tag="007">ta</controlfield>
    <controlfield tag="008">1873                             i|eng</controlfield>
    <datafield tag="041" ind1=" " ind2=" ">
      <subfield code="a">eng</subfield>
    </datafield>
    <datafield tag="084" ind1=" " ind2=" ">
      <subfield code="a">RD04.13 Brasilien</subfield>
    </datafield>
    <datafield tag="225" ind1=" " ind2=" ">
      <subfield code="c">W 53°16'00"-W 33°23'00"/S 14°55'00"-S 25°55'00"</subfield>
    </datafield>
    <datafield tag="245" ind1="1" ind2="0">
      <subfield code="a">Laurie's General Chart of the Coasts of Brasil, &amp;c.</subfield>
      <subfield code="b">From The River Para to Buenos-Ayres ; With Particular Plans Of The Harbours</subfield>
      <subfield code="c">Constructed chiefly From the surveys of the Baron Roussin and Captain Wm. Hewett. Adjusted by the later observations of Captain Phillip Parker King, Captain Robert Fitzroy, and other distinguished Officers of the British Royal Navy. Constructed and drawn by John Purdy and Alexr. Findlay, Junr. Engraved By Alexr. Findlay</subfield>
    </datafield>
    <datafield tag="260" ind1=" " ind2=" ">
      <subfield code="a">London</subfield>
      <subfield code="b">Richd. H. Laurie</subfield>
      <subfield code="c">1873</subfield>
    </datafield>
    <datafield tag="300" ind1=" " ind2=" ">
      <subfield code="a">1 Kt.</subfield>
      <subfield code="b">unkolor.</subfield>
      <subfield code="c">Gesamtgr. 125 x 94 cm, je Bl. versch. Gr.</subfield>
    </datafield>
    <datafield tag="337" ind1=" " ind2=" ">
      <subfield code="a">Karte</subfield>
    </datafield>
    <datafield tag="500" ind1=" " ind2=" ">
      <subfield code="a">Kt. ist in 3 Teile zerlegt, nur 2 Teile vorhanden. - Ohne Maßstab. - Titel unten rechts. - Mit Tiefenangaben. - Relief: Schraffen. - Mit 11 Nebenkt.: Harbour of Rio De Janeiro. Bahia or San Salvador. Sta. Catharina. Marambaya. Porto Maçayo. Pernambuco. Roadstead Of Cape Sta. Maria. Bahia Do Espirito Santo. Sta. Barbara. The Approaches to Pernambuco. The Cape. - Mit 4 Profilen: View of the city of Rio Janeiro, as seen from the Isle Cobras. Appearance of the City of San Salvador, or Bahia. The Land of the Entrance of Rio de Janeiro, when the Harbour appears open. The Entrance of Rio de Janeiro, when the Sugar-loaf bears N.W. 1/4 W. true, and Santa Cruz N.N.W. 3/4 W.</subfield>
    </datafield>
    <datafield tag="520" ind1="3" ind2="#">
      <subfield code="a">Küste von Brasilien, von Rio Pará bis Buenos Aires, mit Städten, Flüssen etc.</subfield>
    </datafield>
    <datafield tag="541" ind1=" " ind2=" ">
      <subfield code="a">Collection Alphons Stübel</subfield>
    </datafield>
    <datafield tag="562" ind1=" " ind2=" ">
      <subfield code="a">Nummer aus Altbestand</subfield>
      <subfield code="b">SAm 4b/12</subfield>
    </datafield>
    <datafield tag="650" ind1=" " ind2="4">
      <subfield code="a">Altkarte</subfield>
    </datafield>
    <datafield tag="650" ind1=" " ind2="4">
      <subfield code="a">Seekarte</subfield>
    </datafield>
    <datafield tag="650" ind1=" " ind2="4">
      <subfield code="a">Küste</subfield>
    </datafield>
    <datafield tag="650" ind1=" " ind2="4">
      <subfield code="a">Hafen</subfield>
    </datafield>
    <datafield tag="651" ind1=" " ind2="4">
      <subfield code="a">Brasilien</subfield>
    </datafield>
    <datafield tag="700" ind1="2" ind2=" ">
      <subfield code="a">Roussin, Albin Reine</subfield>
    </datafield>
    <datafield tag="700" ind1="2" ind2=" ">
      <subfield code="a">Hewett, William</subfield>
    </datafield>
    <datafield tag="700" ind1="2" ind2=" ">
      <subfield code="a">King, Phillip Parker</subfield>
    </datafield>
    <datafield tag="700" ind1="2" ind2=" ">
      <subfield code="a">Fitzroy, Robert</subfield>
    </datafield>
    <datafield tag="700" ind1="2" ind2=" ">
      <subfield code="a">Laurie, Richard Holmes</subfield>
    </datafield>
    <datafield tag="700" ind1="2" ind2=" ">
      <subfield code="a">Findlay, Alexander George</subfield>
    </datafield>
    <datafield tag="700" ind1="2" ind2=" ">
      <subfield code="a">Purdy, John</subfield>
    </datafield>
    <datafield tag="841" ind1=" " ind2=" ">
      <subfield code="a">em__</subfield>
      <subfield code="b">1873</subfield>
      <subfield code="c">3</subfield>
    </datafield>
    <datafield tag="852" ind1=" " ind2=" ">
      <subfield code="a">DE-185</subfield>
      <subfield code="c">Historische Abteilung</subfield>
      <subfield code="m">HK 1548 - 01</subfield>
      <subfield code="t">238512001</subfield>
    </datafield>
    <datafield tag="856" ind1=" " ind2=" ">
      <subfield code="a">https://ifl.wissensbank.com/fastlink.html?search=238512000</subfield>
      <subfield code="3">permalink</subfield>
    </datafield>
    <datafield tag="856" ind1=" " ind2=" ">
      <subfield code="a">https://ifl.wissensbank.com/cgi-bin/starfetch.exe?wZhPOtUnTJyupmRFWpI2x5N1EckdwqYxyaaAhSqNOtHfn1uLmAF8adzaCuhb6zIhslFKF.KpMO2aqjt5fSRmZcKWAoseyipbvRqHKXDLgtzx9NMW2ISTZjFK2qJqC5oAdnbUY8gul2f9XNBd.FqMng/HK1548%2e1.jpg</subfield>
      <subfield code="3">file</subfield>
    </datafield>
  </record>