
  <record>
    <leader>01250nem  22002893  4500</leader>
    <controlfield tag="001">238675000</controlfield>
    <controlfield tag="003">DE-185</controlfield>
    <controlfield tag="007">ta</controlfield>
    <controlfield tag="008">1863                             i|ger</controlfield>
    <datafield tag="041" ind1=" " ind2=" ">
      <subfield code="a">ger</subfield>
    </datafield>
    <datafield tag="084" ind1=" " ind2=" ">
      <subfield code="a">RF01.18 Kapverdische Inseln</subfield>
    </datafield>
    <datafield tag="225" ind1=" " ind2=" ">
      <subfield code="a">1 : 100 000</subfield>
      <subfield code="c">W 25°07'47"-W 24°47'48"/N 16°58'12"-N 16°44'10"</subfield>
    </datafield>
    <datafield tag="245" ind1="1" ind2="0">
      <subfield code="a">São Vicente</subfield>
      <subfield code="b">Insel am grünen Vorgebirge</subfield>
      <subfield code="c">Aufgenommen von Alphons Stübel unter Benutzung der Umrisse der englischen Admiralitäts-Karte. Gezeichnet von A. Stübel</subfield>
    </datafield>
    <datafield tag="260" ind1=" " ind2=" ">
      <subfield code="a">[S.l.]</subfield>
      <subfield code="c">1863</subfield>
    </datafield>
    <datafield tag="300" ind1=" " ind2=" ">
      <subfield code="a">1 Kt.</subfield>
      <subfield code="b">unkolor.</subfield>
      <subfield code="c">46 x 37 cm</subfield>
    </datafield>
    <datafield tag="337" ind1=" " ind2=" ">
      <subfield code="a">Karte</subfield>
    </datafield>
    <datafield tag="500" ind1=" " ind2=" ">
      <subfield code="a">Handgezeichnet. - Titel nach Vorlage: SÃO VICEИTE. - Maßstab in graph. Form (Englische Meilen, Portugiesische Meilen). - Titel oben rechts. - Maßstab und Abkürzungsverz. unten Mitte. - Mit Reiseroute. - Übersicht der Namen und Höhen der Berge unten rechts. - Relief: Schraffen. - Mit Tiefenangaben</subfield>
    </datafield>
    <datafield tag="520" ind1="3" ind2="#">
      <subfield code="a">São Vicente mit Reiseroute von Alphons Stübel, Flüssen, Häfen etc.</subfield>
    </datafield>
    <datafield tag="541" ind1=" " ind2=" ">
      <subfield code="a">Collection Alphons Stübel</subfield>
    </datafield>
    <datafield tag="562" ind1=" " ind2=" ">
      <subfield code="a">Nummer aus Altbestand</subfield>
      <subfield code="b">AF 27b/29</subfield>
    </datafield>
    <datafield tag="650" ind1=" " ind2="4">
      <subfield code="a">Altkarte</subfield>
    </datafield>
    <datafield tag="650" ind1=" " ind2="4">
      <subfield code="a">Insel</subfield>
    </datafield>
    <datafield tag="651" ind1=" " ind2="4">
      <subfield code="a">Kapverdische Inseln</subfield>
    </datafield>
    <datafield tag="651" ind1=" " ind2="4">
      <subfield code="a">Sao Vicente</subfield>
    </datafield>
    <datafield tag="700" ind1="2" ind2=" ">
      <subfield code="a">Stübel, Alphons</subfield>
      <subfield code="1">118810421</subfield>
    </datafield>
    <datafield tag="841" ind1=" " ind2=" ">
      <subfield code="a">em__</subfield>
      <subfield code="b">1863</subfield>
      <subfield code="c">3</subfield>
    </datafield>
    <datafield tag="852" ind1=" " ind2=" ">
      <subfield code="a">DE-185</subfield>
      <subfield code="c">Historische Abteilung</subfield>
      <subfield code="m">HK 1550</subfield>
      <subfield code="t">238675001</subfield>
    </datafield>
    <datafield tag="856" ind1=" " ind2=" ">
      <subfield code="a">https://ifl.wissensbank.com/fastlink.html?search=238675000</subfield>
      <subfield code="3">permalink</subfield>
    </datafield>
    <datafield tag="856" ind1=" " ind2=" ">
      <subfield code="a">https://ifl.wissensbank.com/cgi-bin/starfetch.exe?pUDYrjNKZBTfx8CzwJSZBNBmLuXmcR0AiJrGDKnQOHK9ZE.7A62TkYNAR2gDqiwpoaNFzXP1L25@P8O1EoTN3B4DeBL1G@sxUWQ2r8dyimGYO5vhAIXI2CkCpjIK69U12lJGW7weQnMX8iQxLkzRbQ/HK1550.jpg</subfield>
      <subfield code="3">file</subfield>
    </datafield>
  </record>