
  <record>
    <leader>01250nem  22002893  4500</leader>
    <controlfield tag="001">238688000</controlfield>
    <controlfield tag="003">DE-185</controlfield>
    <controlfield tag="007">ta</controlfield>
    <controlfield tag="008">1865                             i|por</controlfield>
    <datafield tag="041" ind1=" " ind2=" ">
      <subfield code="a">por</subfield>
    </datafield>
    <datafield tag="084" ind1=" " ind2=" ">
      <subfield code="a">RD04.13 Brasilien</subfield>
    </datafield>
    <datafield tag="225" ind1=" " ind2=" ">
      <subfield code="a">1 : 1 855 000</subfield>
      <subfield code="c">W 60°58'00"-W 50°04'00"/S 24°47'00"-S 35°19'00"</subfield>
    </datafield>
    <datafield tag="245" ind1="1" ind2="0">
      <subfield code="a">Mappa Do Sul Do Imperio Do Brazil</subfield>
      <subfield code="b">Paizes Limitrophes</subfield>
      <subfield code="c">organisado segundo os trabalhos mais recentes Por Ordem De S. Ex. O. Sr. Conselheiro Antonio Francisco De Paula E Souza, Ministro e Secretario D'Estado dos Negocios d'Agricultura Commercio e Obras Publicas. Pelos Engenheiros Civis H. L. Dos Santos Werneck E C. Krauss. Lith. Desenho por C. Schwestka e letras por O. Koegel</subfield>
    </datafield>
    <datafield tag="260" ind1=" " ind2=" ">
      <subfield code="a">[Rio de Janeiro]</subfield>
      <subfield code="b">Imperial Instituto Artistico</subfield>
      <subfield code="c">1865</subfield>
    </datafield>
    <datafield tag="300" ind1=" " ind2=" ">
      <subfield code="a">1 Kt. auf 2 Bl.</subfield>
      <subfield code="b">kolor.</subfield>
      <subfield code="c">Gesamtgr. 57 x 62 cm, je Teil ca. 57 x 31 cm</subfield>
    </datafield>
    <datafield tag="337" ind1=" " ind2=" ">
      <subfield code="a">Karte</subfield>
    </datafield>
    <datafield tag="500" ind1=" " ind2=" ">
      <subfield code="a">Maßstab in graph. Form (Leg. geogr., Leg br.). - Titel oben rechts. - Maßstab und Erkl. der Zeichen unten rechts. - Relief: Schraffen. - Teilw. auf Leinen aufgezogen</subfield>
    </datafield>
    <datafield tag="520" ind1="3" ind2="#">
      <subfield code="a">Südlicher Teil von Brasilien, Östlicher Teil von Argentinien, Paraguay und Uruguay mit Städten, Flüssen, Bergen etc.</subfield>
    </datafield>
    <datafield tag="541" ind1=" " ind2=" ">
      <subfield code="a">Collection Alphons Stübel</subfield>
    </datafield>
    <datafield tag="562" ind1=" " ind2=" ">
      <subfield code="a">Nummer aus Altbestand</subfield>
      <subfield code="b">SAm 4b/7</subfield>
    </datafield>
    <datafield tag="650" ind1=" " ind2="4">
      <subfield code="a">Altkarte</subfield>
    </datafield>
    <datafield tag="650" ind1=" " ind2="4">
      <subfield code="a">Physische Karte</subfield>
    </datafield>
    <datafield tag="651" ind1=" " ind2="4">
      <subfield code="a">Brasilien</subfield>
    </datafield>
    <datafield tag="651" ind1=" " ind2="4">
      <subfield code="a">Sudeste (Brasil)</subfield>
    </datafield>
    <datafield tag="700" ind1="2" ind2=" ">
      <subfield code="a">Souza, Antonio Francisco de Paula</subfield>
    </datafield>
    <datafield tag="700" ind1="2" ind2=" ">
      <subfield code="a">Werneck, H. L. dos Santos</subfield>
    </datafield>
    <datafield tag="700" ind1="2" ind2=" ">
      <subfield code="a">Krauss, Carlos</subfield>
    </datafield>
    <datafield tag="700" ind1="2" ind2=" ">
      <subfield code="a">Schwestka, Carlos</subfield>
    </datafield>
    <datafield tag="700" ind1="2" ind2=" ">
      <subfield code="a">Koegel, O.</subfield>
    </datafield>
    <datafield tag="841" ind1=" " ind2=" ">
      <subfield code="a">em__</subfield>
      <subfield code="b">1865</subfield>
      <subfield code="c">3</subfield>
    </datafield>
    <datafield tag="852" ind1=" " ind2=" ">
      <subfield code="a">DE-185</subfield>
      <subfield code="c">Historische Abteilung</subfield>
      <subfield code="m">HK 1553</subfield>
      <subfield code="t">238688001</subfield>
    </datafield>
    <datafield tag="856" ind1=" " ind2=" ">
      <subfield code="a">https://ifl.wissensbank.com/fastlink.html?search=238688000</subfield>
      <subfield code="3">permalink</subfield>
    </datafield>
    <datafield tag="856" ind1=" " ind2=" ">
      <subfield code="a">https://ifl.wissensbank.com/cgi-bin/starfetch.exe?TJP8Tu.s3LqZXXms1f9n6f.fwGt.2iezUifIFCpa3fiGkGrZFcS@7LLRaFz5BTmZPrKur8Ewf1mTXXNp7R.UJJmxiBYO4wt7bqJBt08KYOM.seoIL@h5U4AU8fP6qYIkI43RbokuQOE8R4KHRdEDeQ/HK1553.jpg</subfield>
      <subfield code="3">file</subfield>
    </datafield>
  </record>