
  <record>
    <leader>01250nem  22002893  4500</leader>
    <controlfield tag="001">238698000</controlfield>
    <controlfield tag="003">DE-185</controlfield>
    <controlfield tag="007">ta</controlfield>
    <controlfield tag="008">1867                             i|por</controlfield>
    <datafield tag="041" ind1=" " ind2=" ">
      <subfield code="a">por</subfield>
    </datafield>
    <datafield tag="084" ind1=" " ind2=" ">
      <subfield code="a">RD04.13 Brasilien</subfield>
    </datafield>
    <datafield tag="225" ind1=" " ind2=" ">
      <subfield code="c">W 54°11'00"-W 20°44'00"/S 15°17'00"-S 36°08'00"</subfield>
    </datafield>
    <datafield tag="245" ind1="1" ind2="0">
      <subfield code="a">Carta Postal Do Brazil</subfield>
      <subfield code="c">organisada pelos engenheiros civis C. Krauss E H. L. Dos Santos Werneck. Publicada por ordem de S. Ex. O Sr. Conso. Dr. Manoel Pinto De Souza Dantas, Ministro E Secretario D'Estado Dos Negocios D'Agricultura Commercio E Obras Publicas. Lith. por C. Schwestka e O. Koegel</subfield>
    </datafield>
    <datafield tag="260" ind1=" " ind2=" ">
      <subfield code="a">[Rio de ]</subfield>
      <subfield code="b">Imperial Instituto Artistico</subfield>
      <subfield code="c">1867</subfield>
    </datafield>
    <datafield tag="300" ind1=" " ind2=" ">
      <subfield code="a">1 Kt. auf 4 Bl.</subfield>
      <subfield code="b">unkolor.</subfield>
      <subfield code="c">Gesamtgr. 109 x 84 cm, je Teil ca. 55 x 41 cm</subfield>
    </datafield>
    <datafield tag="337" ind1=" " ind2=" ">
      <subfield code="a">Karte</subfield>
    </datafield>
    <datafield tag="500" ind1=" " ind2=" ">
      <subfield code="a">Maßstab in graph. Form (Leg de 3000 br.). - Titel oben rechts (HK 1554 - 03). - Maßstab unten rechts (HK 1554 - 01). - Anmerkungen zum Postsystem unten links (HK 1554 - 04). - Übersichtstab. der Telegrammgebühren oben links (HK 1554 - 02). - Mit 5 Nebenkt.: Telegraphos. Littoral De Alacôas, Pernambuco. Littoral de Sergipe. Littoral Da Bahia. Rio De Janeiro. - Ohne Relief. - Mit Postrouten</subfield>
    </datafield>
    <datafield tag="520" ind1="3" ind2="#">
      <subfield code="a">Postroutenkarte von Brasilien mit Städten, Flüssen etc.</subfield>
    </datafield>
    <datafield tag="541" ind1=" " ind2=" ">
      <subfield code="a">Collection Alphons Stübel</subfield>
    </datafield>
    <datafield tag="562" ind1=" " ind2=" ">
      <subfield code="a">Nummer aus Altbestand</subfield>
      <subfield code="b">SAm 4h/1</subfield>
    </datafield>
    <datafield tag="650" ind1=" " ind2="4">
      <subfield code="a">Altkarte</subfield>
    </datafield>
    <datafield tag="650" ind1=" " ind2="4">
      <subfield code="a">Verkehrskarte</subfield>
    </datafield>
    <datafield tag="651" ind1=" " ind2="4">
      <subfield code="a">Brasilien</subfield>
    </datafield>
    <datafield tag="653" ind1="1" ind2=" ">
      <subfield code="a">Postwesen</subfield>
    </datafield>
    <datafield tag="700" ind1="2" ind2=" ">
      <subfield code="a">Krauss, Carlos</subfield>
    </datafield>
    <datafield tag="700" ind1="2" ind2=" ">
      <subfield code="a">Werneck, H. L. dos Santos</subfield>
    </datafield>
    <datafield tag="700" ind1="2" ind2=" ">
      <subfield code="a">Sousa Dantas, Manuel Pinto de</subfield>
    </datafield>
    <datafield tag="700" ind1="2" ind2=" ">
      <subfield code="a">Schwestka, Carlos</subfield>
    </datafield>
    <datafield tag="700" ind1="2" ind2=" ">
      <subfield code="a">Koegel, O.</subfield>
    </datafield>
    <datafield tag="841" ind1=" " ind2=" ">
      <subfield code="a">em__</subfield>
      <subfield code="b">1867</subfield>
      <subfield code="c">3</subfield>
    </datafield>
    <datafield tag="852" ind1=" " ind2=" ">
      <subfield code="a">DE-185</subfield>
      <subfield code="c">Historische Abteilung</subfield>
      <subfield code="m">HK 1554 - 01</subfield>
      <subfield code="t">238698001</subfield>
    </datafield>
    <datafield tag="856" ind1=" " ind2=" ">
      <subfield code="a">https://ifl.wissensbank.com/fastlink.html?search=238698000</subfield>
      <subfield code="3">permalink</subfield>
    </datafield>
    <datafield tag="856" ind1=" " ind2=" ">
      <subfield code="a">https://ifl.wissensbank.com/cgi-bin/starfetch.exe?wk.nqAtxCIhpGquGgRT3tAbWmY2IZ4k37XATUnkZV.9FKDk9.vh3Z2lf@uNMDa3Hn20L3k2Auygw4uw3E4mljaZ@A5Ce.rehUzFlDUQZfECEIO233GRxyETCABgajqu8KjkV46G9kyb0NzyE9lcFcQ/HK1554%2e1.jpg</subfield>
      <subfield code="3">file</subfield>
    </datafield>
  </record>