
  <record>
    <leader>01250nem  22002893  4500</leader>
    <controlfield tag="001">238707000</controlfield>
    <controlfield tag="003">DE-185</controlfield>
    <controlfield tag="007">ta</controlfield>
    <controlfield tag="008">1872                             i|por</controlfield>
    <datafield tag="041" ind1=" " ind2=" ">
      <subfield code="a">por</subfield>
    </datafield>
    <datafield tag="084" ind1=" " ind2=" ">
      <subfield code="a">RD04.13 Brasilien</subfield>
    </datafield>
    <datafield tag="225" ind1=" " ind2=" ">
      <subfield code="a">1 : 250 000</subfield>
      <subfield code="c">W 48°38'00"-W 46°17'00"/S 23°30'00"-S 25°06'00"</subfield>
    </datafield>
    <datafield tag="245" ind1="1" ind2="0">
      <subfield code="a">Mappa Topographico Das Terras Devolutas Medidas E Demarcadas desde 1854 até 1868 na comarca de Iguape e em parte da da Capital Da Provincia De S. Paulo</subfield>
      <subfield code="c">Organisado por ordem do Exmo. Sñr. Conselheiro Bernardo Augusto N. d'Asambuja. Segundo os trabalhos dos Engenheiros E. Calvâo, P. Blake e E. Street. Por Carlos Rivierre mandado publicar, pelo Esmo. Sñr. Visconde De Itaúna Ministro E Secretario D'Estado Dos Negocios D'Agricultura Commercio E Obras Publicas</subfield>
    </datafield>
    <datafield tag="260" ind1=" " ind2=" ">
      <subfield code="a">[Rio de Janeiro]</subfield>
      <subfield code="b">Imperial Instituto Artistico</subfield>
      <subfield code="c">1872</subfield>
    </datafield>
    <datafield tag="300" ind1=" " ind2=" ">
      <subfield code="a">1 Kt.</subfield>
      <subfield code="b">teilw.</subfield>
      <subfield code="c">97 x 70 cm</subfield>
    </datafield>
    <datafield tag="337" ind1=" " ind2=" ">
      <subfield code="a">Karte</subfield>
    </datafield>
    <datafield tag="500" ind1=" " ind2=" ">
      <subfield code="a">Maßstab in graph. Form (Braças, Metros). - Titel oben links. - Maßstab links Mitte. - Erkl. der Farben oben Mitte. - Mit 1 Auszug aus dem Bericht der Kommission der Länder. - Relief: Schraffen</subfield>
    </datafield>
    <datafield tag="520" ind1="3" ind2="#">
      <subfield code="a">Topographische Karte des Bundesstaates São Paulo</subfield>
    </datafield>
    <datafield tag="541" ind1=" " ind2=" ">
      <subfield code="a">Collection Alphons Stübel</subfield>
    </datafield>
    <datafield tag="562" ind1=" " ind2=" ">
      <subfield code="a">Nummer aus Altbestand</subfield>
      <subfield code="b">SAm 4g/10</subfield>
    </datafield>
    <datafield tag="650" ind1=" " ind2="4">
      <subfield code="a">Altkarte</subfield>
    </datafield>
    <datafield tag="650" ind1=" " ind2="4">
      <subfield code="a">Topographische Karte</subfield>
    </datafield>
    <datafield tag="651" ind1=" " ind2="4">
      <subfield code="a">Brasilien</subfield>
    </datafield>
    <datafield tag="651" ind1=" " ind2="4">
      <subfield code="a">Sao Paulo (Estado)</subfield>
    </datafield>
    <datafield tag="700" ind1="2" ind2=" ">
      <subfield code="a">Azambuja, Bernardo Augusto Nascentes de</subfield>
    </datafield>
    <datafield tag="700" ind1="2" ind2=" ">
      <subfield code="a">Calvâo, E.</subfield>
    </datafield>
    <datafield tag="700" ind1="2" ind2=" ">
      <subfield code="a">Blake, P.</subfield>
    </datafield>
    <datafield tag="700" ind1="2" ind2=" ">
      <subfield code="a">Street, E.</subfield>
    </datafield>
    <datafield tag="700" ind1="2" ind2=" ">
      <subfield code="a">Rivierre, Carlos</subfield>
    </datafield>
    <datafield tag="700" ind1="2" ind2=" ">
      <subfield code="a">Monteiro, Cândido Borges</subfield>
    </datafield>
    <datafield tag="841" ind1=" " ind2=" ">
      <subfield code="a">em__</subfield>
      <subfield code="b">1872</subfield>
      <subfield code="c">3</subfield>
    </datafield>
    <datafield tag="852" ind1=" " ind2=" ">
      <subfield code="a">DE-185</subfield>
      <subfield code="c">Historische Abteilung</subfield>
      <subfield code="m">HK 1555</subfield>
      <subfield code="t">238707001</subfield>
    </datafield>
    <datafield tag="856" ind1=" " ind2=" ">
      <subfield code="a">https://ifl.wissensbank.com/fastlink.html?search=238707000</subfield>
      <subfield code="3">permalink</subfield>
    </datafield>
    <datafield tag="856" ind1=" " ind2=" ">
      <subfield code="a">https://ifl.wissensbank.com/cgi-bin/starfetch.exe?0PDIUte77.t@Dd4yee@K6ZJj0UOdYcnYBDWlU7f7MJAJKa89YzWvepxyWzjOWal3A0AjvPnyoxedtojHfbHy8qWCFlaj3EtNxbejgx9ejNNIxE.HXxyxmrxKHtm3lszehxXsStpj7Ia272B@yowk9w/HK1555.jpg</subfield>
      <subfield code="3">file</subfield>
    </datafield>
  </record>