
  <record>
    <leader>01250nem  22002893  4500</leader>
    <controlfield tag="001">238718000</controlfield>
    <controlfield tag="003">DE-185</controlfield>
    <controlfield tag="007">ta</controlfield>
    <controlfield tag="008">1867                             i|por</controlfield>
    <datafield tag="041" ind1=" " ind2=" ">
      <subfield code="a">por</subfield>
      <subfield code="a">eng</subfield>
      <subfield code="a">fre</subfield>
      <subfield code="a">ger</subfield>
    </datafield>
    <datafield tag="084" ind1=" " ind2=" ">
      <subfield code="a">RD04.13 Brasilien</subfield>
    </datafield>
    <datafield tag="225" ind1=" " ind2=" ">
      <subfield code="c">W 50°18'00"-W 48°16'00"/S 25°42'00"-S 28°08'00"</subfield>
    </datafield>
    <datafield tag="245" ind1="1" ind2="0">
      <subfield code="a">Mappa de parte da Provincia De Santa Catharina</subfield>
      <subfield code="b">Servindo para indicar os diversos pontos onde se achão collocadas as diversas Colonias</subfield>
      <subfield code="c">Tabalho Organisado Por Pedro Luiz Taulois Engenheiro do Governo. Lith. Imp. de Rensburg</subfield>
    </datafield>
    <datafield tag="260" ind1=" " ind2=" ">
      <subfield code="a">Rio de Janeiro</subfield>
      <subfield code="b">Rensburg</subfield>
      <subfield code="c">1867</subfield>
    </datafield>
    <datafield tag="300" ind1=" " ind2=" ">
      <subfield code="a">1 Kt.</subfield>
      <subfield code="b">unkolor.</subfield>
      <subfield code="c">47 x 34 cm</subfield>
    </datafield>
    <datafield tag="337" ind1=" " ind2=" ">
      <subfield code="a">Karte</subfield>
    </datafield>
    <datafield tag="500" ind1=" " ind2=" ">
      <subfield code="a">Maßstab in graph. Form (metros). - Titel unten Mitte. - Maßstab unten rechts. - Mit 1 Text am Kt.-Rand in dt., engl., franz. u. portug.: Begünstigungen für die Auswanderung. - W oben, Kt. um 90° gedreht. - Relief: Schraffen</subfield>
    </datafield>
    <datafield tag="520" ind1="3" ind2="#">
      <subfield code="a">Bundesstaat Santa Catarina mit Städten, Bergen, Flüssen etc.</subfield>
    </datafield>
    <datafield tag="541" ind1=" " ind2=" ">
      <subfield code="a">Collection Alphons Stübel</subfield>
    </datafield>
    <datafield tag="562" ind1=" " ind2=" ">
      <subfield code="a">Nummer aus Altbestand</subfield>
      <subfield code="b">SAm 4b/9</subfield>
    </datafield>
    <datafield tag="650" ind1=" " ind2="4">
      <subfield code="a">Altkarte</subfield>
    </datafield>
    <datafield tag="651" ind1=" " ind2="4">
      <subfield code="a">Brasilien</subfield>
    </datafield>
    <datafield tag="651" ind1=" " ind2="4">
      <subfield code="a">Santa Catarina (Estado)</subfield>
    </datafield>
    <datafield tag="700" ind1="2" ind2=" ">
      <subfield code="a">Taulois, Pedro Luís</subfield>
    </datafield>
    <datafield tag="700" ind1="2" ind2=" ">
      <subfield code="a">Rensburg, Eduardo</subfield>
    </datafield>
    <datafield tag="841" ind1=" " ind2=" ">
      <subfield code="a">em__</subfield>
      <subfield code="b">1867</subfield>
      <subfield code="c">3</subfield>
    </datafield>
    <datafield tag="852" ind1=" " ind2=" ">
      <subfield code="a">DE-185</subfield>
      <subfield code="c">Historische Abteilung</subfield>
      <subfield code="m">HK 1556</subfield>
      <subfield code="t">238718001</subfield>
    </datafield>
    <datafield tag="856" ind1=" " ind2=" ">
      <subfield code="a">https://ifl.wissensbank.com/fastlink.html?search=238718000</subfield>
      <subfield code="3">permalink</subfield>
    </datafield>
    <datafield tag="856" ind1=" " ind2=" ">
      <subfield code="a">https://ifl.wissensbank.com/cgi-bin/starfetch.exe?tumv5sT5CTjni40sjhFyvD.cAJuKljvpRZK5Qcc7aFKTeM4zzpDaGbk0jzgLJqLJh.qnDEtO8Wn3..5vivWUtMGEWyAo8.xYq4ZQtkGmbTxUKJVNewZBdlcz4RdDu2KQsB@.p8GR4r58.Of.Fefz.Q/HK1556.jpg</subfield>
      <subfield code="3">file</subfield>
    </datafield>
  </record>