
  <record>
    <leader>01250nem  22002893  4500</leader>
    <controlfield tag="001">238971000</controlfield>
    <controlfield tag="003">DE-185</controlfield>
    <controlfield tag="007">ta</controlfield>
    <controlfield tag="008">1857                             i|spa</controlfield>
    <datafield tag="041" ind1=" " ind2=" ">
      <subfield code="a">spa</subfield>
    </datafield>
    <datafield tag="084" ind1=" " ind2=" ">
      <subfield code="a">RD04.18 Peru</subfield>
    </datafield>
    <datafield tag="225" ind1=" " ind2=" ">
      <subfield code="a">1 : 60 000</subfield>
      <subfield code="c">W 77°14'23"-W 76°52'28"/S 11°47'13"-S 12°13'49"</subfield>
    </datafield>
    <datafield tag="245" ind1="1" ind2="0">
      <subfield code="a">Plano Topografico De Los Alrededores De Lima</subfield>
      <subfield code="b">Capital Del Peru</subfield>
      <subfield code="c">Rectificado y completado de orden del Supremo Gobierno. Por el Ingeniero del Estado Dr. D. Luis Mariani. Gravé chez Regnier et Dourdet, Paris</subfield>
    </datafield>
    <datafield tag="260" ind1=" " ind2=" ">
      <subfield code="a">Paris</subfield>
      <subfield code="b">Regnier et Dourdet</subfield>
      <subfield code="c">1857</subfield>
    </datafield>
    <datafield tag="300" ind1=" " ind2=" ">
      <subfield code="a">1 Kt.</subfield>
      <subfield code="b">unkolor.</subfield>
      <subfield code="c">65 x 53 cm</subfield>
    </datafield>
    <datafield tag="337" ind1=" " ind2=" ">
      <subfield code="a">Karte</subfield>
    </datafield>
    <datafield tag="500" ind1=" " ind2=" ">
      <subfield code="a">Maßstab in graph. Form (Varas). - Titel und Maßstab rechts Mitte. - Mit Tiefenangaben. - Relief: Schraffen</subfield>
    </datafield>
    <datafield tag="520" ind1="3" ind2="#">
      <subfield code="a">Topografische Karte der Umgebung von Lima mit Bergen, Städten, Flüssen, Straßen etc.</subfield>
    </datafield>
    <datafield tag="541" ind1=" " ind2=" ">
      <subfield code="a">Collection Alphons Stübel</subfield>
    </datafield>
    <datafield tag="562" ind1=" " ind2=" ">
      <subfield code="a">Nummer aus Altbestand</subfield>
      <subfield code="b">SAm 10b/13</subfield>
    </datafield>
    <datafield tag="650" ind1=" " ind2="4">
      <subfield code="a">Altkarte</subfield>
    </datafield>
    <datafield tag="650" ind1=" " ind2="4">
      <subfield code="a">Topographische Karte</subfield>
    </datafield>
    <datafield tag="651" ind1=" " ind2="4">
      <subfield code="a">Peru</subfield>
    </datafield>
    <datafield tag="651" ind1=" " ind2="4">
      <subfield code="a">Lima</subfield>
    </datafield>
    <datafield tag="700" ind1="2" ind2=" ">
      <subfield code="a">Mariani, Luis</subfield>
    </datafield>
    <datafield tag="700" ind1="2" ind2=" ">
      <subfield code="a">Regnier, ...</subfield>
    </datafield>
    <datafield tag="700" ind1="2" ind2=" ">
      <subfield code="a">Dourdet, ...</subfield>
    </datafield>
    <datafield tag="841" ind1=" " ind2=" ">
      <subfield code="a">em__</subfield>
      <subfield code="b">1857</subfield>
      <subfield code="c">3</subfield>
    </datafield>
    <datafield tag="852" ind1=" " ind2=" ">
      <subfield code="a">DE-185</subfield>
      <subfield code="c">Historische Abteilung</subfield>
      <subfield code="m">HK 1566</subfield>
      <subfield code="t">238971001</subfield>
    </datafield>
    <datafield tag="856" ind1=" " ind2=" ">
      <subfield code="a">https://ifl.wissensbank.com/fastlink.html?search=238971000</subfield>
      <subfield code="3">permalink</subfield>
    </datafield>
    <datafield tag="856" ind1=" " ind2=" ">
      <subfield code="a">https://ifl.wissensbank.com/cgi-bin/starfetch.exe?OvpE355VBBUeYC3ke4bemnIxTRYh@JnsFLYilD94gdcGQjDUDrc@oNrrAfCs@H6ZuJEtuyuy1uovE1Ek.wR4aJVyGc.C5sZoyTQZ2xwquQ1oAsymp9W6.Z.DYmhI1XLJFRsCR1YbpW4@YQRC30@Qhg/HK1566.jpg</subfield>
      <subfield code="3">file</subfield>
    </datafield>
  </record>