
  <record>
    <leader>01250nem  22002893  4500</leader>
    <controlfield tag="001">238978000</controlfield>
    <controlfield tag="003">DE-185</controlfield>
    <controlfield tag="007">ta</controlfield>
    <controlfield tag="008">1872                             i|por</controlfield>
    <datafield tag="041" ind1=" " ind2=" ">
      <subfield code="a">por</subfield>
    </datafield>
    <datafield tag="084" ind1=" " ind2=" ">
      <subfield code="a">RD04.13 Brasilien</subfield>
    </datafield>
    <datafield tag="225" ind1=" " ind2=" ">
      <subfield code="a">1 : 80 000</subfield>
      <subfield code="c">W 49°33'02"-W 48°55'43"/S 26°39'02"-S 27°10'42"</subfield>
    </datafield>
    <datafield tag="245" ind1="1" ind2="0">
      <subfield code="a">Mappa Geral da Colonia Blumenau na Provincia De Santa Catharina</subfield>
      <subfield code="c">Levantado pelo Engenheiro Emilio Odebrecht</subfield>
    </datafield>
    <datafield tag="260" ind1=" " ind2=" ">
      <subfield code="a">Blumenau</subfield>
      <subfield code="b">Bernardo Scheidemantel</subfield>
      <subfield code="c">1872</subfield>
    </datafield>
    <datafield tag="300" ind1=" " ind2=" ">
      <subfield code="a">1 Kt.</subfield>
      <subfield code="b">kolor.</subfield>
      <subfield code="c">98 x 75 cm</subfield>
    </datafield>
    <datafield tag="337" ind1=" " ind2=" ">
      <subfield code="a">Karte</subfield>
    </datafield>
    <datafield tag="500" ind1=" " ind2=" ">
      <subfield code="a">Maßstab in graph. Form (Braças, Metros). - Titel und Maßstab oben rechts. - Mit Grundstücknummerierung. - W oben. - Mit 8 Nebenkt.: Povoação Badenfurt. Freguezia de S. Pedro Apostolo. Povoação Aquidabán. Povoação Ascurra. Mappa do Rio Jtajahy. Povoação Cariós com Indayál. Povoação Warnow. Povoação Blumenau &amp; Ponta Aguda (Scharfeneck). - Ohne Relief</subfield>
    </datafield>
    <datafield tag="520" ind1="3" ind2="#">
      <subfield code="a">Übersicht der Grundstücke von Blumenau</subfield>
    </datafield>
    <datafield tag="541" ind1=" " ind2=" ">
      <subfield code="a">Collection Alphons Stübel</subfield>
    </datafield>
    <datafield tag="562" ind1=" " ind2=" ">
      <subfield code="a">Nummer aus Altbestand</subfield>
      <subfield code="b">SAm 4g/9</subfield>
    </datafield>
    <datafield tag="650" ind1=" " ind2="4">
      <subfield code="a">Altkarte</subfield>
    </datafield>
    <datafield tag="650" ind1=" " ind2="4">
      <subfield code="a">Katasterplan</subfield>
    </datafield>
    <datafield tag="651" ind1=" " ind2="4">
      <subfield code="a">Brasilien</subfield>
    </datafield>
    <datafield tag="651" ind1=" " ind2="4">
      <subfield code="a">Blumenau</subfield>
    </datafield>
    <datafield tag="700" ind1="2" ind2=" ">
      <subfield code="a">Odebrecht, Emil</subfield>
    </datafield>
    <datafield tag="700" ind1="2" ind2=" ">
      <subfield code="a">Scheidemantel, Bernard</subfield>
    </datafield>
    <datafield tag="841" ind1=" " ind2=" ">
      <subfield code="a">em__</subfield>
      <subfield code="b">1872</subfield>
      <subfield code="c">3</subfield>
    </datafield>
    <datafield tag="852" ind1=" " ind2=" ">
      <subfield code="a">DE-185</subfield>
      <subfield code="c">Historische Abteilung</subfield>
      <subfield code="m">HK 1567</subfield>
      <subfield code="t">238978001</subfield>
    </datafield>
    <datafield tag="856" ind1=" " ind2=" ">
      <subfield code="a">https://ifl.wissensbank.com/fastlink.html?search=238978000</subfield>
      <subfield code="3">permalink</subfield>
    </datafield>
    <datafield tag="856" ind1=" " ind2=" ">
      <subfield code="a">https://ifl.wissensbank.com/cgi-bin/starfetch.exe?JxLq..Dcl6BjkWA9UPT0dgkzKoKcqnQYQxt1D6v0@1mKenH25mV6w8O.CODxLbGc9.wwqRAT34QdEO8mqDtKImpkexdifikuHtohPvqVrbtyDPQwzsU6GnSb.N9xk@RiGpO5lKBZq53NPpRyGpo8ow/HK1567a.jpg</subfield>
      <subfield code="3">file</subfield>
    </datafield>
  </record>