
  <record>
    <leader>01250nem  22002893  4500</leader>
    <controlfield tag="001">238979000</controlfield>
    <controlfield tag="003">DE-185</controlfield>
    <controlfield tag="007">ta</controlfield>
    <controlfield tag="008">1886                             i|por</controlfield>
    <datafield tag="041" ind1=" " ind2=" ">
      <subfield code="a">por</subfield>
    </datafield>
    <datafield tag="084" ind1=" " ind2=" ">
      <subfield code="a">RF06 Afrikanische Inseln und andere Gebiete Afrikas</subfield>
    </datafield>
    <datafield tag="225" ind1=" " ind2=" ">
      <subfield code="a">1 : 36 450</subfield>
      <subfield code="c">W 16°41'45"-W 16°22'14"/N 32°44'34"-N 32°21'29"</subfield>
    </datafield>
    <datafield tag="245" ind1="1" ind2="0">
      <subfield code="a">Carta Geo-Hydrographica Das Ilhas Desertas</subfield>
      <subfield code="c">Levantada collectivamente em 1842-43 Pelos officiaes do Vapor de guerra Britanico Styx e o capitão do corpo d'engenheiros Antonio Pedro d'Azevedo. Hoje general de divisão reformado por decreto de 18 51/12 78. J. F. M. Palha gr.</subfield>
    </datafield>
    <datafield tag="260" ind1=" " ind2=" ">
      <subfield code="a">[S.l.]</subfield>
      <subfield code="b">Imprensa Nacional</subfield>
      <subfield code="c">1886</subfield>
    </datafield>
    <datafield tag="300" ind1=" " ind2=" ">
      <subfield code="a">1 Kt.</subfield>
      <subfield code="b">unkolor.</subfield>
      <subfield code="c">96 x 64 cm</subfield>
    </datafield>
    <datafield tag="337" ind1=" " ind2=" ">
      <subfield code="a">Karte</subfield>
    </datafield>
    <datafield tag="500" ind1=" " ind2=" ">
      <subfield code="a">Maßstab in graph. Form (polegadas. K.). - Titel unten Mitte. - Maßstab unten links. - Mit Tiefenangaben. - Mit Reiseroute. - Mit 5 Profilen: Vista das Desertas tirada do ponto A. Vista das Desertas tirada do ponto B. Vista das Desertas tirada do ponto C. Vista de parte da Deserta Grande e do Bugio tirada do Ponto D. Ilhéo do Bugio visto da Cidade do Funchal. - Mit 1 Abbildung: Pharol da Ponta de S. Lourenço. - Relief: Schraffen</subfield>
    </datafield>
    <datafield tag="520" ind1="3" ind2="#">
      <subfield code="a">Küstenkarte der Ilhas Desertas (Ilhéu Chão, Deserta Grande und Bugio) mit Seereiseroute und Tiefenangaben</subfield>
    </datafield>
    <datafield tag="541" ind1=" " ind2=" ">
      <subfield code="a">Collection Alphons Stübel</subfield>
    </datafield>
    <datafield tag="562" ind1=" " ind2=" ">
      <subfield code="a">Nummer aus Altbestand</subfield>
      <subfield code="b">AF 27b/7</subfield>
    </datafield>
    <datafield tag="650" ind1=" " ind2="4">
      <subfield code="a">Altkarte</subfield>
    </datafield>
    <datafield tag="651" ind1=" " ind2="4">
      <subfield code="a">Afrikanische Inseln im Atlantischen Ozean</subfield>
    </datafield>
    <datafield tag="651" ind1=" " ind2="4">
      <subfield code="a">Ilhas Desertas</subfield>
    </datafield>
    <datafield tag="653" ind1="1" ind2=" ">
      <subfield code="a">Inselgruppe</subfield>
    </datafield>
    <datafield tag="700" ind1="2" ind2=" ">
      <subfield code="a">Azevedo, Antonio Pedro d'</subfield>
    </datafield>
    <datafield tag="700" ind1="2" ind2=" ">
      <subfield code="a">Palha, João Fradique de Moura</subfield>
    </datafield>
    <datafield tag="841" ind1=" " ind2=" ">
      <subfield code="a">em__</subfield>
      <subfield code="b">1886</subfield>
      <subfield code="c">3</subfield>
    </datafield>
    <datafield tag="852" ind1=" " ind2=" ">
      <subfield code="a">DE-185</subfield>
      <subfield code="c">Historische Abteilung</subfield>
      <subfield code="m">HK 1568</subfield>
      <subfield code="t">238979001</subfield>
    </datafield>
    <datafield tag="856" ind1=" " ind2=" ">
      <subfield code="a">https://ifl.wissensbank.com/fastlink.html?search=238979000</subfield>
      <subfield code="3">permalink</subfield>
    </datafield>
    <datafield tag="856" ind1=" " ind2=" ">
      <subfield code="a">https://ifl.wissensbank.com/cgi-bin/starfetch.exe?PS@I7m84XfhyDJ02KISeQ50sJVXF.fxVQf1QONY9ADZtxFfkAiPf.cVxfv1hkCYNL02YfnW.rjS0jVufHp6d83iIjw5V6mWrlx@vh3uwOBzDGatgy.BDxMbvMzDtMSSKORWZXFIk4dVMVBAj03j.ZA/HK1568.jpg</subfield>
      <subfield code="3">file</subfield>
    </datafield>
  </record>