
  <record>
    <leader>01250nem  22002893  4500</leader>
    <controlfield tag="001">239001000</controlfield>
    <controlfield tag="003">DE-185</controlfield>
    <controlfield tag="007">ta</controlfield>
    <controlfield tag="008">1877                             i|por</controlfield>
    <datafield tag="041" ind1=" " ind2=" ">
      <subfield code="a">por</subfield>
    </datafield>
    <datafield tag="084" ind1=" " ind2=" ">
      <subfield code="a">RF06 Afrikanische Inseln und andere Gebiete Afrikas</subfield>
    </datafield>
    <datafield tag="225" ind1=" " ind2=" ">
      <subfield code="c">W 16°25'19"-W 16°15'31"/N 33°12'28"-N 32°59'17"</subfield>
    </datafield>
    <datafield tag="245" ind1="1" ind2="0">
      <subfield code="a">Carta Geo-Hydrographica da Ilha De Porto Santo e dos Ilhéos E Baixos Adjacentes</subfield>
      <subfield code="c">Levantada collectivamente em 1842-43 pelos Officiaes do Vapor de Guerra Britannico Styx e o Capitão do Corpo d'Engenheiros (hoje General de Brigada) Antonio Pedro d'Atevedo. Correcta e publicada com varias ampliações em 1877, fazendo parte da collecção de Cartas Mappas e Memorias appresentadas por este Official ao Commando e Direcção geral d'Engenheiros e Ministerio da Guerra</subfield>
    </datafield>
    <datafield tag="260" ind1=" " ind2=" ">
      <subfield code="a">[S.l.]</subfield>
      <subfield code="b">Imprensa Nacional</subfield>
      <subfield code="c">1877</subfield>
    </datafield>
    <datafield tag="300" ind1=" " ind2=" ">
      <subfield code="a">1 Kt.</subfield>
      <subfield code="b">unkolor.</subfield>
      <subfield code="c">68 x 110 cm</subfield>
    </datafield>
    <datafield tag="337" ind1=" " ind2=" ">
      <subfield code="a">Karte</subfield>
    </datafield>
    <datafield tag="500" ind1=" " ind2=" ">
      <subfield code="a">Maßstab in graph. Form (Mil. Geo, Kil.). - Titel unten Mitte. - Erkl. der Zeichen unten rechts. - Mit Reiseroute. - Mit Tiefenangaben. - Mit 5 Profilen: Vista de Porto Santo tirada do ancoradouro. Vista de Porto Santo demorando o Ilheo de Fora ao S. 40°E. Vista de Porto Santo demorando o Ilhéo de Ferro ao S. 30°O. Vista de Porto Santo demorando o Ilhéo de Fora ao S. 13°O. Vista de Porto Santo tirada da baixa do Falcão na sonda de 28 br. demorando o Ilhéo de Fóra ao S. 40°E. - Mit 1 Plan: Planta do Forte de S. José e do quartel do governador militar da Ilha de Porto Santo. - Relief: Schraffen</subfield>
    </datafield>
    <datafield tag="520" ind1="3" ind2="#">
      <subfield code="a">Küstenkarte von Porto Santo mit Seereiseroute und Tiefenangaben</subfield>
    </datafield>
    <datafield tag="541" ind1=" " ind2=" ">
      <subfield code="a">Collection Alphons Stübel</subfield>
    </datafield>
    <datafield tag="562" ind1=" " ind2=" ">
      <subfield code="a">Nummer aus Altbestand</subfield>
      <subfield code="b">AF 27b/8</subfield>
    </datafield>
    <datafield tag="650" ind1=" " ind2="4">
      <subfield code="a">Altkarte</subfield>
    </datafield>
    <datafield tag="650" ind1=" " ind2="4">
      <subfield code="a">Insel</subfield>
    </datafield>
    <datafield tag="651" ind1=" " ind2="4">
      <subfield code="a">Afrikanische Inseln im Atlantischen Ozean</subfield>
    </datafield>
    <datafield tag="651" ind1=" " ind2="4">
      <subfield code="a">Porto Santo</subfield>
    </datafield>
    <datafield tag="700" ind1="2" ind2=" ">
      <subfield code="a">Azevedo, Antonio Pedro d'</subfield>
    </datafield>
    <datafield tag="700" ind1="2" ind2=" ">
      <subfield code="a">Palha, João Fradique de Moura</subfield>
    </datafield>
    <datafield tag="841" ind1=" " ind2=" ">
      <subfield code="a">em__</subfield>
      <subfield code="b">1877</subfield>
      <subfield code="c">3</subfield>
    </datafield>
    <datafield tag="852" ind1=" " ind2=" ">
      <subfield code="a">DE-185</subfield>
      <subfield code="c">Historische Abteilung</subfield>
      <subfield code="m">HK 1569</subfield>
      <subfield code="t">239001001</subfield>
    </datafield>
    <datafield tag="856" ind1=" " ind2=" ">
      <subfield code="a">https://ifl.wissensbank.com/fastlink.html?search=239001000</subfield>
      <subfield code="3">permalink</subfield>
    </datafield>
    <datafield tag="856" ind1=" " ind2=" ">
      <subfield code="a">https://ifl.wissensbank.com/cgi-bin/starfetch.exe?SGDkqjD.4IZM2SWxRaZYVS66Xe3dGWqc4FhoTNXWETp4JV9@Ek5Od@SRfUmrqxrs@ABQoYQFArOR@DnNt0jEDHkpudV2yw8v90YRLcbe4t3RkWnBq@BVsmZeUwSMTrfXFw.i@n8zPwOpLgA@VNdO3g/HK1569.jpg</subfield>
      <subfield code="3">file</subfield>
    </datafield>
  </record>