
  <record>
    <leader>01250nem  22002893  4500</leader>
    <controlfield tag="001">239009000</controlfield>
    <controlfield tag="003">DE-185</controlfield>
    <controlfield tag="007">ta</controlfield>
    <controlfield tag="008">1879                             i|por</controlfield>
    <datafield tag="041" ind1=" " ind2=" ">
      <subfield code="a">por</subfield>
    </datafield>
    <datafield tag="084" ind1=" " ind2=" ">
      <subfield code="a">RF06 Afrikanische Inseln und andere Gebiete Afrikas</subfield>
    </datafield>
    <datafield tag="225" ind1=" " ind2=" ">
      <subfield code="c">W 17°07'09"-W 16°50'43"/N 32°52'46"-N 32°36'43"</subfield>
    </datafield>
    <datafield tag="245" ind1="1" ind2="0">
      <subfield code="a">[Carta Geo-Hydrographica da Ilha da Madeira e dos Ilheus Baixos Adjacentes]</subfield>
      <subfield code="b">[mittlerer Teil]</subfield>
      <subfield code="c">[Levantada collectivamente em 1842-43 pelos officiais do Vapor de Guerra Britannico Styx e o Capitão do Corpo de Engenheiros Antonio Pedro d'Azevedo, hoje General de Divisão Reformado. J. F. M. Palha gr.]</subfield>
    </datafield>
    <datafield tag="260" ind1=" " ind2=" ">
      <subfield code="a">[Lisboa]</subfield>
      <subfield code="c">[1879]</subfield>
    </datafield>
    <datafield tag="300" ind1=" " ind2=" ">
      <subfield code="a">1 Kt. [auf 3 Bl.]</subfield>
      <subfield code="b">teilw. kolor.</subfield>
      <subfield code="c">64 x 87 cm</subfield>
    </datafield>
    <datafield tag="337" ind1=" " ind2=" ">
      <subfield code="a">Karte</subfield>
    </datafield>
    <datafield tag="500" ind1=" " ind2=" ">
      <subfield code="a">Ohne Maßstab. - Mittlerer Teil einer dreiteiligen Großkarte von Madeira ohne Titel, Verfasser etc. - Mit 2 Profilen. - Mit Tiefenangaben. - Mit Reiseroute. - Relief: Schraffen</subfield>
    </datafield>
    <datafield tag="520" ind1="3" ind2="#">
      <subfield code="a">Großkarte von Madeira mit Städten, Flüssen etc.</subfield>
    </datafield>
    <datafield tag="541" ind1=" " ind2=" ">
      <subfield code="a">Collection Alphons Stübel</subfield>
    </datafield>
    <datafield tag="562" ind1=" " ind2=" ">
      <subfield code="a">Nummer aus Altbestand</subfield>
      <subfield code="b">AF 27b/4</subfield>
    </datafield>
    <datafield tag="650" ind1=" " ind2="4">
      <subfield code="a">Altkarte</subfield>
    </datafield>
    <datafield tag="650" ind1=" " ind2="4">
      <subfield code="a">Insel</subfield>
    </datafield>
    <datafield tag="651" ind1=" " ind2="4">
      <subfield code="a">Afrikanische Inseln im Atlantischen Ozean</subfield>
    </datafield>
    <datafield tag="651" ind1=" " ind2="4">
      <subfield code="a">Madeira</subfield>
    </datafield>
    <datafield tag="700" ind1="2" ind2=" ">
      <subfield code="a">Azevedo, Antonio Pedro d'</subfield>
    </datafield>
    <datafield tag="700" ind1="2" ind2=" ">
      <subfield code="a">Palha, João Fradique de Moura</subfield>
    </datafield>
    <datafield tag="841" ind1=" " ind2=" ">
      <subfield code="a">em__</subfield>
      <subfield code="b">1879</subfield>
      <subfield code="c">3</subfield>
    </datafield>
    <datafield tag="852" ind1=" " ind2=" ">
      <subfield code="a">DE-185</subfield>
      <subfield code="c">Historische Abteilung</subfield>
      <subfield code="m">HK 1570</subfield>
      <subfield code="t">239009001</subfield>
    </datafield>
    <datafield tag="856" ind1=" " ind2=" ">
      <subfield code="a">https://ifl.wissensbank.com/fastlink.html?search=239009000</subfield>
      <subfield code="3">permalink</subfield>
    </datafield>
    <datafield tag="856" ind1=" " ind2=" ">
      <subfield code="a">https://ifl.wissensbank.com/cgi-bin/starfetch.exe?WGLa.HKQpqbJfivoMvkv5kc4pHZJ67XW5IzMapCSlHLy0Fod6S4st61OvyKgw6xGh6luMC4CJXCJUNMU5giC@xvd4pNMVrtco39yfhxb6xBd@ZM1Yww@nLQHSUIVc7L8LpBbnsiHC2w6MJafaLlb.w/HK1570.jpg</subfield>
      <subfield code="3">file</subfield>
    </datafield>
  </record>