
  <record>
    <leader>01250nem  22002893  4500</leader>
    <controlfield tag="001">239162000</controlfield>
    <controlfield tag="003">DE-185</controlfield>
    <controlfield tag="007">ta</controlfield>
    <controlfield tag="008">1864                             i|spa</controlfield>
    <datafield tag="041" ind1=" " ind2=" ">
      <subfield code="a">spa</subfield>
    </datafield>
    <datafield tag="084" ind1=" " ind2=" ">
      <subfield code="a">RD04.18 Peru</subfield>
    </datafield>
    <datafield tag="225" ind1=" " ind2=" ">
      <subfield code="c">W 82°31'00"-W 67°21'00"/S 0°22'00"-S 11°48'00"</subfield>
    </datafield>
    <datafield tag="245" ind1="1" ind2="0">
      <subfield code="a">Mapa Del Peru</subfield>
      <subfield code="c">Mandado hacer por órden del Libertador Gran Mariscal Presidente Constitucional Ramon Castilla. Por Mariano Felipe Paz-Soldan, Vocal de la Ilustrisima Corte Superior de Justicia de Lima, Director General de Obras públicas. Miembro corresponsal de la Sociedad de Prisiones de Filadelfia. Individuo de la Real Sociedad Geográfica de Londres. Grabado bajo la direccion del Autor. Por Delamare. J. Feray Inv. et. Del. A. Pinçon Lith.</subfield>
    </datafield>
    <datafield tag="260" ind1=" " ind2=" ">
      <subfield code="a">Paris</subfield>
      <subfield code="b">Imp. Lemercier</subfield>
      <subfield code="c">1864</subfield>
    </datafield>
    <datafield tag="300" ind1=" " ind2=" ">
      <subfield code="a">1 Kt.</subfield>
      <subfield code="b">unkolor.</subfield>
      <subfield code="c">145 x 209 cm</subfield>
    </datafield>
    <datafield tag="337" ind1=" " ind2=" ">
      <subfield code="a">Karte</subfield>
    </datafield>
    <datafield tag="500" ind1=" " ind2=" ">
      <subfield code="a">Ohne Maßstab. - Titel unten links. - Mit Illustrationen am Kt.-Rand. - Wappen von Peru oben Mitte. - Auf Leinen aufgezogen. - Relief: Schraffen</subfield>
    </datafield>
    <datafield tag="520" ind1="3" ind2="#">
      <subfield code="a">Großkarte von Peru mit Städten, Flüssen, Bergen etc. Reich illustriert mit Symbolfiguren und Bildern, die Peru porträtieren. Es werden Tiere wie Kondor, Puma, Lama, Tapir, Jaguar und Königsboa gezeigt, sowie Pflanzen und Getreide der Region wie Mais, Chinarindenbäume, Cocastrauch, Kautschuk, Bananenstrauch, Vanilleschoten und Brechnussbaum.</subfield>
    </datafield>
    <datafield tag="541" ind1=" " ind2=" ">
      <subfield code="a">Collection Alphons Stübel</subfield>
    </datafield>
    <datafield tag="562" ind1=" " ind2=" ">
      <subfield code="a">Nummer aus Altbestand</subfield>
      <subfield code="b">SAm 10b/6</subfield>
    </datafield>
    <datafield tag="650" ind1=" " ind2="4">
      <subfield code="a">Altkarte</subfield>
    </datafield>
    <datafield tag="650" ind1=" " ind2="4">
      <subfield code="a">Tierwelt</subfield>
    </datafield>
    <datafield tag="650" ind1=" " ind2="4">
      <subfield code="a">Vegetation</subfield>
    </datafield>
    <datafield tag="651" ind1=" " ind2="4">
      <subfield code="a">Peru</subfield>
    </datafield>
    <datafield tag="700" ind1="2" ind2=" ">
      <subfield code="a">Castilla, Ramón</subfield>
    </datafield>
    <datafield tag="700" ind1="2" ind2=" ">
      <subfield code="a">Paz Soldán, Mariano Felipe</subfield>
    </datafield>
    <datafield tag="700" ind1="2" ind2=" ">
      <subfield code="a">Delamare, F.</subfield>
    </datafield>
    <datafield tag="700" ind1="2" ind2=" ">
      <subfield code="a">Feray, J.</subfield>
    </datafield>
    <datafield tag="700" ind1="2" ind2=" ">
      <subfield code="a">Pinçon, A.</subfield>
    </datafield>
    <datafield tag="700" ind1="2" ind2=" ">
      <subfield code="a">Lemercier, Rose-Joseph</subfield>
    </datafield>
    <datafield tag="841" ind1=" " ind2=" ">
      <subfield code="a">em__</subfield>
      <subfield code="b">1864</subfield>
      <subfield code="c">3</subfield>
    </datafield>
    <datafield tag="852" ind1=" " ind2=" ">
      <subfield code="a">DE-185</subfield>
      <subfield code="c">Historische Abteilung</subfield>
      <subfield code="m">HK 1575</subfield>
      <subfield code="t">239162001</subfield>
    </datafield>
    <datafield tag="856" ind1=" " ind2=" ">
      <subfield code="a">https://ifl.wissensbank.com/fastlink.html?search=239162000</subfield>
      <subfield code="3">permalink</subfield>
    </datafield>
    <datafield tag="856" ind1=" " ind2=" ">
      <subfield code="a">https://ifl.wissensbank.com/cgi-bin/starfetch.exe?DjE1TfXx2TStTKdrIPwFmLVmtVmW3xJ1yRbMaLy5YA1nSNoOp8JwhydhlvRT2nuaMWqsEM9BwqLHLa7nkaGQ8OKdHrRxRbEOOV2eukhvrvizjocOd.65yLXy@PtcAE33ZoyyBBBP8Xdr3kS2NO6cGA/HK1575obererTeil.jpg</subfield>
      <subfield code="3">file</subfield>
    </datafield>
  </record>