
  <record>
    <leader>01250nem  22002893  4500</leader>
    <controlfield tag="001">239185000</controlfield>
    <controlfield tag="003">DE-185</controlfield>
    <controlfield tag="007">ta</controlfield>
    <controlfield tag="008">1865                             i|spa</controlfield>
    <datafield tag="041" ind1=" " ind2=" ">
      <subfield code="a">spa</subfield>
    </datafield>
    <datafield tag="084" ind1=" " ind2=" ">
      <subfield code="a">RD04.16 Kolumbien</subfield>
    </datafield>
    <datafield tag="225" ind1=" " ind2=" ">
      <subfield code="a">1 : 1 350 000</subfield>
      <subfield code="c">W 83°49'00"-W 74°12'00"/N 13°27'00"-S 1°25'00"</subfield>
    </datafield>
    <datafield tag="245" ind1="1" ind2="0">
      <subfield code="a">Carta Jeográfica De Los Estados Unidos De Colombia</subfield>
      <subfield code="b">Antigua Nueva Granada</subfield>
      <subfield code="c">Construida De Órden Del Gobierno Jeneral. Con arreglo a los trabajos corográficos del Jeneral A. Codazzi i a otros documentos oficiales. Por Manuel Ponce De Leon, Injeniero Miembro De La Sociedad Jeográfica De Paris I Manuel Maria Paz Bogotá 1864. Publicada en la Administracion del Dr. M. Murillo, i bajo la inspeccion del Gran Jeneral T. C. de Mosquera. Grabada por Erhard Schiéble, Paris, 1865</subfield>
    </datafield>
    <datafield tag="260" ind1=" " ind2=" ">
      <subfield code="a">Paris</subfield>
      <subfield code="b">Thierry hermanos</subfield>
      <subfield code="c">1865</subfield>
    </datafield>
    <datafield tag="300" ind1=" " ind2=" ">
      <subfield code="a">1 Kt.</subfield>
      <subfield code="b">unkolor.</subfield>
      <subfield code="c">166 x 151 cm, gefaltet 43 x 39 cm</subfield>
    </datafield>
    <datafield tag="337" ind1=" " ind2=" ">
      <subfield code="a">Karte</subfield>
    </datafield>
    <datafield tag="500" ind1=" " ind2=" ">
      <subfield code="a">Maßstab in graph. Form (miriámetros, antiguas leguas granadinas). - Titel unten links. - Maßstab und Anmerkung unten rechts. - Auf Leinen aufgezogen. - Mit 9 Ansichten: Magdalena. Bolivar. Antioquia. Panama. Boyacá. Santander. Cauca. Tolima. Cundinamarca. - Mit 1 Statistik: Corte jeológico jeneral del Pais. - Relief: Schraffen</subfield>
    </datafield>
    <datafield tag="520" ind1="3" ind2="#">
      <subfield code="a">Großkarte von Kolumbien mit Städten, Flüssen, Bergen etc.</subfield>
    </datafield>
    <datafield tag="541" ind1=" " ind2=" ">
      <subfield code="a">Collection Alphons Stübel</subfield>
    </datafield>
    <datafield tag="562" ind1=" " ind2=" ">
      <subfield code="a">Nummer aus Altbestand</subfield>
      <subfield code="b">SAm 12b/2</subfield>
    </datafield>
    <datafield tag="650" ind1=" " ind2="4">
      <subfield code="a">Altkarte</subfield>
    </datafield>
    <datafield tag="651" ind1=" " ind2="4">
      <subfield code="a">Kolumbien</subfield>
    </datafield>
    <datafield tag="651" ind1=" " ind2="4">
      <subfield code="a">Neugranada</subfield>
    </datafield>
    <datafield tag="700" ind1="2" ind2=" ">
      <subfield code="a">Codazzi, Agustín</subfield>
    </datafield>
    <datafield tag="700" ind1="2" ind2=" ">
      <subfield code="a">Ponce de León, Manuel</subfield>
    </datafield>
    <datafield tag="700" ind1="2" ind2=" ">
      <subfield code="a">Paz, Manuel Maria</subfield>
    </datafield>
    <datafield tag="700" ind1="2" ind2=" ">
      <subfield code="a">Murillo Toro, Manuel</subfield>
    </datafield>
    <datafield tag="700" ind1="2" ind2=" ">
      <subfield code="a">Mosquera, Tomás Cipriano de</subfield>
    </datafield>
    <datafield tag="841" ind1=" " ind2=" ">
      <subfield code="a">em__</subfield>
      <subfield code="b">1865</subfield>
      <subfield code="c">3</subfield>
    </datafield>
    <datafield tag="852" ind1=" " ind2=" ">
      <subfield code="a">DE-185</subfield>
      <subfield code="c">Historische Abteilung</subfield>
      <subfield code="m">HK 1578</subfield>
      <subfield code="t">239185001</subfield>
    </datafield>
    <datafield tag="856" ind1=" " ind2=" ">
      <subfield code="a">https://ifl.wissensbank.com/fastlink.html?search=239185000</subfield>
      <subfield code="3">permalink</subfield>
    </datafield>
    <datafield tag="856" ind1=" " ind2=" ">
      <subfield code="a">https://ifl.wissensbank.com/cgi-bin/starfetch.exe?7hsO.QxZ2RZIEj@c.1ci9kJaUrq1.xKwqyfpAkk0.doZSXZrl73UUiJkECsudzLnzUHL3Tvg6bttREvNNtLEQwqgB.D6Dukle.QRlMDhiBLmEDrQ5owe.v1Qyg0wYhalpbjB3ol2ji7uIdRB7qMBZA/HK1578linkerTeil.jpg</subfield>
      <subfield code="3">file</subfield>
    </datafield>
  </record>