
  <record>
    <leader>01250nem  22002893  4500</leader>
    <controlfield tag="001">239197000</controlfield>
    <controlfield tag="003">DE-185</controlfield>
    <controlfield tag="007">ta</controlfield>
    <controlfield tag="008">1858                             i|spa</controlfield>
    <datafield tag="041" ind1=" " ind2=" ">
      <subfield code="a">spa</subfield>
    </datafield>
    <datafield tag="084" ind1=" " ind2=" ">
      <subfield code="a">RD04.15 Ecuador</subfield>
    </datafield>
    <datafield tag="225" ind1=" " ind2=" ">
      <subfield code="c">W 81°13'00"-W 75°25'00"/N 1°58'00"-S 6°42'00"</subfield>
    </datafield>
    <datafield tag="245" ind1="1" ind2="0">
      <subfield code="a">Carta Corográfica De La República del Ecuador</subfield>
      <subfield code="c">Delineada en vista de las cartas de Don Pedro Maldonado, el Baron De Humboldt, Mr. Wisse, la de las sontas de las costas por M. M. Filzroy i H. Kellet, i las particulares del autor Destinada á servir de complemento á la obra de geografia del Ecuador publicada del mismo autor Doctor Manuel Villavicencio. Lit. é Imp. De F. Mayer y Ca.</subfield>
    </datafield>
    <datafield tag="260" ind1=" " ind2=" ">
      <subfield code="a">Nueva York</subfield>
      <subfield code="b">F. Mayer y Ca.</subfield>
      <subfield code="c">1858</subfield>
    </datafield>
    <datafield tag="300" ind1=" " ind2=" ">
      <subfield code="a">1 Kt.</subfield>
      <subfield code="b">kolor.</subfield>
      <subfield code="c">102 x 75 cm</subfield>
    </datafield>
    <datafield tag="337" ind1=" " ind2=" ">
      <subfield code="a">Karte</subfield>
    </datafield>
    <datafield tag="500" ind1=" " ind2=" ">
      <subfield code="a">Maßstab in graph. Form (Leguas, millas). - Titel und Maßstab unten links. - Erkl. der Zeichen oben links. - Erkl. der Farben unten rechts. - Mit 1 Städteübersicht der Provinzen Ecuadors. - Mit 1 Nebenkt.: El Archipielago De Galapagos. - Relief: Schraffen</subfield>
    </datafield>
    <datafield tag="520" ind1="3" ind2="#">
      <subfield code="a">Ecuador mit Provinzen, Städten, Flüssen, Bergen etc.</subfield>
    </datafield>
    <datafield tag="541" ind1=" " ind2=" ">
      <subfield code="a">Collection Alphons Stübel</subfield>
    </datafield>
    <datafield tag="562" ind1=" " ind2=" ">
      <subfield code="a">Nummer aus Altbestand</subfield>
      <subfield code="b">SAm 11a/3</subfield>
    </datafield>
    <datafield tag="650" ind1=" " ind2="4">
      <subfield code="a">Altkarte</subfield>
    </datafield>
    <datafield tag="651" ind1=" " ind2="4">
      <subfield code="a">Ecuador</subfield>
    </datafield>
    <datafield tag="700" ind1="2" ind2=" ">
      <subfield code="a">Villavicencio, Manuel</subfield>
    </datafield>
    <datafield tag="700" ind1="2" ind2=" ">
      <subfield code="a">Mayer, Ferdinand</subfield>
    </datafield>
    <datafield tag="700" ind1="2" ind2=" ">
      <subfield code="a">Maldonado, Pedro</subfield>
    </datafield>
    <datafield tag="700" ind1="2" ind2=" ">
      <subfield code="a">Humboldt, Alexander von</subfield>
      <subfield code="1">118554700</subfield>
    </datafield>
    <datafield tag="700" ind1="2" ind2=" ">
      <subfield code="a">Wisse, ...</subfield>
    </datafield>
    <datafield tag="700" ind1="2" ind2=" ">
      <subfield code="a">Fitzroy, Robert</subfield>
    </datafield>
    <datafield tag="700" ind1="2" ind2=" ">
      <subfield code="a">Kellet, Henry</subfield>
    </datafield>
    <datafield tag="841" ind1=" " ind2=" ">
      <subfield code="a">em__</subfield>
      <subfield code="b">1858</subfield>
      <subfield code="c">3</subfield>
    </datafield>
    <datafield tag="852" ind1=" " ind2=" ">
      <subfield code="a">DE-185</subfield>
      <subfield code="c">Historische Abteilung</subfield>
      <subfield code="m">HK 1580</subfield>
      <subfield code="t">239197001</subfield>
    </datafield>
    <datafield tag="856" ind1=" " ind2=" ">
      <subfield code="a">https://ifl.wissensbank.com/fastlink.html?search=239197000</subfield>
      <subfield code="3">permalink</subfield>
    </datafield>
    <datafield tag="856" ind1=" " ind2=" ">
      <subfield code="a">https://ifl.wissensbank.com/cgi-bin/starfetch.exe?u@7rmeuyGkui1XZ6FjiWhl1U@GukJC9zQ8U2UKyMWfqk7Ky7UJRwVjB@k1YoEB796SE7z@SamNct1ptimpdibIBwhyeKAc5GSSiubMCJPRXO4zyJqxpLaoXpcKNYCO1TNI1LYSjOdCubOO1Niy4MWA/HK1580%2e1.jpg</subfield>
      <subfield code="3">file</subfield>
    </datafield>
  </record>