
  <record>
    <leader>01250nem  22002893  4500</leader>
    <controlfield tag="001">239377000</controlfield>
    <controlfield tag="003">DE-185</controlfield>
    <controlfield tag="007">ta</controlfield>
    <controlfield tag="008">1750                             i|spa</controlfield>
    <datafield tag="041" ind1=" " ind2=" ">
      <subfield code="a">spa</subfield>
    </datafield>
    <datafield tag="084" ind1=" " ind2=" ">
      <subfield code="a">RD04.15 Ecuador</subfield>
    </datafield>
    <datafield tag="225" ind1=" " ind2=" ">
      <subfield code="c">W 81°21'00"-W 75°33'00"/N 2°29'00"-S 6°24'00"</subfield>
    </datafield>
    <datafield tag="245" ind1="1" ind2="0">
      <subfield code="a">Carta De La Provincia de Quito Y De Sus Adjacentes</subfield>
      <subfield code="c">Obra Posthuma De Don Pedro Maldonado Gentilhombre de la Camara de S.MAG. y Governador de la Prov de Esmeraldas. Hecha Sobre las Observaciones Astronomicas y Geograficas de los Academicos Reales de las Ciencias de Paris y de las Guardias Mar[inas] de Cadiz y tambien de los RR. PP. Missioneros de Maynas. En que la Costa desde la Bora de Esmeraldos hasta Tumaco con la Derrota de Quito al Marañon por una senda de à pìe de Baños à Canelos y el curso de los Rios Bobonaça y Pastaça van delineados sobre las proprias demarcaciones del difunto Autor. Por el S. D'Anville Geografo de SMag. Christma de la Acad. Imp de Petersburg. Sacada à la luz por D. GDLC. Gravé par Guill. Delahaye</subfield>
    </datafield>
    <datafield tag="260" ind1=" " ind2=" ">
      <subfield code="a">Paris</subfield>
      <subfield code="c">1750</subfield>
    </datafield>
    <datafield tag="300" ind1=" " ind2=" ">
      <subfield code="a">1 Kt.</subfield>
      <subfield code="b">teilw. kolor.</subfield>
      <subfield code="c">78 x 112 cm</subfield>
    </datafield>
    <datafield tag="337" ind1=" " ind2=" ">
      <subfield code="a">Karte</subfield>
    </datafield>
    <datafield tag="500" ind1=" " ind2=" ">
      <subfield code="a">Handgezeichnet. - Vermutlich Abschrift. - Maßstab in graph. Form (Leguas Española, Leguas legales Castellanas). - Titelkartusche oben links. - Maßstab unten links. - Relief: Plastisch, Einzelberge</subfield>
    </datafield>
    <datafield tag="520" ind1="3" ind2="#">
      <subfield code="a">Provinz Quito mit Bergen, Städten, Flüssen etc.</subfield>
    </datafield>
    <datafield tag="541" ind1=" " ind2=" ">
      <subfield code="a">Collection Alphons Stübel</subfield>
    </datafield>
    <datafield tag="562" ind1=" " ind2=" ">
      <subfield code="a">Nummer aus Altbestand</subfield>
      <subfield code="b">SAm 11a/1</subfield>
    </datafield>
    <datafield tag="650" ind1=" " ind2="4">
      <subfield code="a">Altkarte</subfield>
    </datafield>
    <datafield tag="650" ind1=" " ind2="4">
      <subfield code="a">Zeichnung</subfield>
    </datafield>
    <datafield tag="651" ind1=" " ind2="4">
      <subfield code="a">Ecuador</subfield>
    </datafield>
    <datafield tag="651" ind1=" " ind2="4">
      <subfield code="a">Pichincha (Prov.)</subfield>
    </datafield>
    <datafield tag="651" ind1=" " ind2="4">
      <subfield code="a">Quito</subfield>
    </datafield>
    <datafield tag="700" ind1="2" ind2=" ">
      <subfield code="a">Maldonado, Pedro</subfield>
    </datafield>
    <datafield tag="700" ind1="2" ind2=" ">
      <subfield code="a">Delahaye, Guillaume-Nicolas</subfield>
    </datafield>
    <datafield tag="700" ind1="2" ind2=" ">
      <subfield code="a">Anville, Jean-Baptiste Bourguignon d'</subfield>
    </datafield>
    <datafield tag="841" ind1=" " ind2=" ">
      <subfield code="a">em__</subfield>
      <subfield code="b">1750</subfield>
      <subfield code="c">3</subfield>
    </datafield>
    <datafield tag="852" ind1=" " ind2=" ">
      <subfield code="a">DE-185</subfield>
      <subfield code="c">Historische Abteilung</subfield>
      <subfield code="m">HK 1582</subfield>
      <subfield code="t">239377001</subfield>
    </datafield>
    <datafield tag="856" ind1=" " ind2=" ">
      <subfield code="a">https://ifl.wissensbank.com/fastlink.html?search=239377000</subfield>
      <subfield code="3">permalink</subfield>
    </datafield>
    <datafield tag="856" ind1=" " ind2=" ">
      <subfield code="a">https://ifl.wissensbank.com/cgi-bin/starfetch.exe?Y9xJ5MUyZnu@94mQROz8pwlJw1AEH5T5Bj1RC4atyIC2Ut47hMugy@J0XJxE72LWJ1.qR2fCg4EwYNXENgCxbvL4@.mdJvptzgxW@tdvLm2iIA5YOn8tCkzFkDHmI7M02tW5jpxBH15P.e8sq5NX1g/HK1582.jpg</subfield>
      <subfield code="3">file</subfield>
    </datafield>
  </record>