
  <record>
    <leader>01250nem  22002893  4500</leader>
    <controlfield tag="001">239453000</controlfield>
    <controlfield tag="003">DE-185</controlfield>
    <controlfield tag="007">ta</controlfield>
    <controlfield tag="008">1899                             i|ger</controlfield>
    <datafield tag="041" ind1=" " ind2=" ">
      <subfield code="a">ger</subfield>
    </datafield>
    <datafield tag="084" ind1=" " ind2=" ">
      <subfield code="a">RD04.16 Kolumbien</subfield>
    </datafield>
    <datafield tag="225" ind1=" " ind2=" ">
      <subfield code="a">1 : 350 000</subfield>
      <subfield code="c">W 78°11'00"-W 72°42'00"/N 6°06'00"-S 0°04'00"</subfield>
    </datafield>
    <datafield tag="245" ind1="1" ind2="0">
      <subfield code="a">Übersichtskarte von Mittel- und Süd-Colombia</subfield>
      <subfield code="b">Mit Eintragungen Der Reiserouten Von W. Reiss Und A. Stübel</subfield>
      <subfield code="c">Entworfen Und Gezeichnet Auf Grund Der Codazzi'schen Karte Von Colombia Und Stellenweise Berichtigt Nach Den Beobachtungen Des Letztgenannten Reisenden Von Theodor Wolf</subfield>
    </datafield>
    <datafield tag="260" ind1=" " ind2=" ">
      <subfield code="a">Leipzig</subfield>
      <subfield code="b">Geograph. Anstalt von H. Wagner &amp; E. Debes</subfield>
      <subfield code="c">1899</subfield>
    </datafield>
    <datafield tag="300" ind1=" " ind2=" ">
      <subfield code="a">1 Kt.</subfield>
      <subfield code="b">teilw. kolor.</subfield>
      <subfield code="c">48 x 51 cm</subfield>
    </datafield>
    <datafield tag="337" ind1=" " ind2=" ">
      <subfield code="a">Karte</subfield>
    </datafield>
    <datafield tag="500" ind1=" " ind2=" ">
      <subfield code="a">Maßstab in graph. Form (Kilometer). - Titel, Maßstab und Erkl. der Zeichen rechts Mitte. - Anm. links unten. - Mit 1 Nebenkt.: Meer der Antillen. - Mit 1 Übersicht der Geographischen Breiten nach W. Reiß und A. Stübel. - Mit Reiserouten. - Relief: Plastisch</subfield>
    </datafield>
    <datafield tag="520" ind1="3" ind2="#">
      <subfield code="a">Mittel- und Südkolumbien mit Reiserouten von Alphons Stübel und Wilhelm Reiß</subfield>
    </datafield>
    <datafield tag="541" ind1=" " ind2=" ">
      <subfield code="a">Collection Alphons Stübel</subfield>
    </datafield>
    <datafield tag="562" ind1=" " ind2=" ">
      <subfield code="a">Nummer aus Altbestand</subfield>
      <subfield code="b">SAm 12b/14</subfield>
    </datafield>
    <datafield tag="650" ind1=" " ind2="4">
      <subfield code="a">Altkarte</subfield>
    </datafield>
    <datafield tag="650" ind1=" " ind2="4">
      <subfield code="a">Physische Karte</subfield>
    </datafield>
    <datafield tag="650" ind1=" " ind2="4">
      <subfield code="a">Forschungsreise</subfield>
    </datafield>
    <datafield tag="651" ind1=" " ind2="4">
      <subfield code="a">Kolumbien</subfield>
    </datafield>
    <datafield tag="700" ind1="2" ind2=" ">
      <subfield code="a">Stübel, Alphons</subfield>
      <subfield code="1">118810421</subfield>
    </datafield>
    <datafield tag="700" ind1="2" ind2=" ">
      <subfield code="a">Reiss, Wilhelm</subfield>
      <subfield code="1">118810332</subfield>
    </datafield>
    <datafield tag="700" ind1="2" ind2=" ">
      <subfield code="a">Wolf, Theodor</subfield>
    </datafield>
    <datafield tag="841" ind1=" " ind2=" ">
      <subfield code="a">em__</subfield>
      <subfield code="b">1899</subfield>
      <subfield code="c">3</subfield>
    </datafield>
    <datafield tag="852" ind1=" " ind2=" ">
      <subfield code="a">DE-185</subfield>
      <subfield code="c">Historische Abteilung</subfield>
      <subfield code="m">HK 1587</subfield>
      <subfield code="t">239453001</subfield>
    </datafield>
    <datafield tag="856" ind1=" " ind2=" ">
      <subfield code="a">https://ifl.wissensbank.com/fastlink.html?search=239453000</subfield>
      <subfield code="3">permalink</subfield>
    </datafield>
    <datafield tag="856" ind1=" " ind2=" ">
      <subfield code="a">https://ifl.wissensbank.com/cgi-bin/starfetch.exe?ggJzIUpAB92KPCMHp1ZyXDQC7QAg5tnXXOW@14Qf65HIbjkYstLbRmzGUhYW8d0fYBtd3HYhbejO0e8@cE3FpAvGlQvaaUX7cgT15sCkLVXARfnz267BXhFV3L44AytMAWO7M9pxWOMStyMOgagVkA/HK1587.jpg</subfield>
      <subfield code="3">file</subfield>
    </datafield>
  </record>