
  <record>
    <leader>01250nem  22002893  4500</leader>
    <controlfield tag="001">240064000</controlfield>
    <controlfield tag="003">DE-185</controlfield>
    <controlfield tag="007">ta</controlfield>
    <controlfield tag="008">1886                             i|ger</controlfield>
    <datafield tag="041" ind1=" " ind2=" ">
      <subfield code="a">ger</subfield>
    </datafield>
    <datafield tag="084" ind1=" " ind2=" ">
      <subfield code="a">RD04.13 Brasilien</subfield>
    </datafield>
    <datafield tag="225" ind1=" " ind2=" ">
      <subfield code="a">1 : 500 000</subfield>
      <subfield code="c">W 56°28'00"-W 54°48'00"/S 13°56'00"-S 15°40'00"</subfield>
    </datafield>
    <datafield tag="245" ind1="1" ind2="0">
      <subfield code="a">Routen-Aufnahme Der Expedition Von Den Steinen Von Cuyabá Bis Zum Rio Batovy</subfield>
      <subfield code="b">26. Mai bis 13 Juli 1883</subfield>
      <subfield code="c">Von Dr. Otto Clauss. Redig. von B. Hassenstein, autogr. v. C. Barich</subfield>
    </datafield>
    <datafield tag="260" ind1=" " ind2=" ">
      <subfield code="a">Gotha</subfield>
      <subfield code="b">Justus Perthes</subfield>
      <subfield code="c">1886</subfield>
    </datafield>
    <datafield tag="300" ind1=" " ind2=" ">
      <subfield code="a">1 Kt.</subfield>
      <subfield code="b">teilw. kolor.</subfield>
      <subfield code="c">52 x 41 cm</subfield>
    </datafield>
    <datafield tag="337" ind1=" " ind2=" ">
      <subfield code="a">Karte</subfield>
    </datafield>
    <datafield tag="500" ind1=" " ind2=" ">
      <subfield code="a">Aus: Petermanns Geographische Mitteilungen. - Oben rechts: Jahrgang 1886, Tafel 8. - Maßstab in graph. Form (Kilometer, Leguas). - Titel, Maßstab und Erkl. der Zeichen oben links. - Mit Reiseroute. - Mit 3 Vertikal-Projektionen der Route. - Relief angedeutet, Schraffen</subfield>
    </datafield>
    <datafield tag="520" ind1="3" ind2="#">
      <subfield code="a">Reiseroute von Cuiabá bis zum Quellgebiet des Batovi-Flusses während der Expedition von Karl von den Steinen und Wilhelm von den Steinen</subfield>
    </datafield>
    <datafield tag="562" ind1=" " ind2=" ">
      <subfield code="a">Nummer aus Altbestand</subfield>
      <subfield code="b">SAm 4b/30</subfield>
    </datafield>
    <datafield tag="650" ind1=" " ind2="4">
      <subfield code="a">Altkarte</subfield>
    </datafield>
    <datafield tag="650" ind1=" " ind2="4">
      <subfield code="a">Forschungsreise</subfield>
    </datafield>
    <datafield tag="651" ind1=" " ind2="4">
      <subfield code="a">Brasilien</subfield>
    </datafield>
    <datafield tag="651" ind1=" " ind2="4">
      <subfield code="a">Mato Grosso</subfield>
    </datafield>
    <datafield tag="700" ind1="2" ind2=" ">
      <subfield code="a">Clauss, Otto</subfield>
    </datafield>
    <datafield tag="700" ind1="2" ind2=" ">
      <subfield code="a">Hassenstein, Bruno</subfield>
    </datafield>
    <datafield tag="700" ind1="2" ind2=" ">
      <subfield code="a">Barich, Carl</subfield>
      <subfield code="1">132543524</subfield>
    </datafield>
    <datafield tag="700" ind1="2" ind2=" ">
      <subfield code="a">Perthes, Justus</subfield>
    </datafield>
    <datafield tag="700" ind1="2" ind2=" ">
      <subfield code="a">Steinen, Karl von den</subfield>
      <subfield code="1">117251992</subfield>
    </datafield>
    <datafield tag="700" ind1="2" ind2=" ">
      <subfield code="a">Steinen, Wilhelm von den</subfield>
      <subfield code="1">117657735</subfield>
    </datafield>
    <datafield tag="841" ind1=" " ind2=" ">
      <subfield code="a">em__</subfield>
      <subfield code="b">1886</subfield>
      <subfield code="c">3</subfield>
    </datafield>
    <datafield tag="852" ind1=" " ind2=" ">
      <subfield code="a">DE-185</subfield>
      <subfield code="c">Historische Abteilung</subfield>
      <subfield code="m">HK 1594</subfield>
      <subfield code="t">240064001</subfield>
    </datafield>
    <datafield tag="856" ind1=" " ind2=" ">
      <subfield code="a">https://ifl.wissensbank.com/fastlink.html?search=240064000</subfield>
      <subfield code="3">permalink</subfield>
    </datafield>
    <datafield tag="856" ind1=" " ind2=" ">
      <subfield code="a">https://ifl.wissensbank.com/cgi-bin/starfetch.exe?EOToOrHa8GH7AAr9o@kpk@YhGZWHWufFD2RuVTrER7ekH39BexBQd6MyhEy538r7Dxv6PlLmI8V3ufvQ7WohOngd@8q2cj753.ZW.GyR2rG6@VlMPec7eekBv4q0TPkiPfu2AaLriGDqPZVWZ8.1Hw/HK1594.jpg</subfield>
      <subfield code="3">file</subfield>
    </datafield>
  </record>