
  <record>
    <leader>01250nem  22002893  4500</leader>
    <controlfield tag="001">240260000</controlfield>
    <controlfield tag="003">DE-185</controlfield>
    <controlfield tag="007">ta</controlfield>
    <controlfield tag="008">1874                             i|por</controlfield>
    <datafield tag="041" ind1=" " ind2=" ">
      <subfield code="a">por</subfield>
    </datafield>
    <datafield tag="084" ind1=" " ind2=" ">
      <subfield code="a">RD04.13 Brasilien</subfield>
    </datafield>
    <datafield tag="225" ind1=" " ind2=" ">
      <subfield code="c">W 34°55'01"-W 34°51'28"/S 8°02'18"-S 8°05'18"</subfield>
    </datafield>
    <datafield tag="245" ind1="1" ind2="0">
      <subfield code="a">Planta Da Cidade Do Recife E Seus Suburbios Em 1645</subfield>
      <subfield code="c">Delineada A Felo Machinista E Agrimensor Pratico José Soares Pinto Corrêa. Segundo a descrevêo e estampou Barleus em sua Historia</subfield>
    </datafield>
    <datafield tag="260" ind1=" " ind2=" ">
      <subfield code="a">Recife</subfield>
      <subfield code="c">1874</subfield>
    </datafield>
    <datafield tag="300" ind1=" " ind2=" ">
      <subfield code="a">1 Kt.</subfield>
      <subfield code="b">teilw. kolor.</subfield>
      <subfield code="c">69 x 45 cm</subfield>
    </datafield>
    <datafield tag="337" ind1=" " ind2=" ">
      <subfield code="a">Karte</subfield>
    </datafield>
    <datafield tag="500" ind1=" " ind2=" ">
      <subfield code="a">Maßstab in graph. Form (Virgae Mathematicae). - Titel oben Mitte. - Maßstab unten Mitte. - Legende und Anm. rechts. - Ohne Relief</subfield>
    </datafield>
    <datafield tag="520" ind1="3" ind2="#">
      <subfield code="a">Plan von Recife mit Umgebung</subfield>
    </datafield>
    <datafield tag="541" ind1=" " ind2=" ">
      <subfield code="a">Collection Alphons Stübel</subfield>
    </datafield>
    <datafield tag="562" ind1=" " ind2=" ">
      <subfield code="a">Nummer aus Altbestand</subfield>
      <subfield code="b">SAm 4b/5</subfield>
    </datafield>
    <datafield tag="650" ind1=" " ind2="4">
      <subfield code="a">Altkarte</subfield>
    </datafield>
    <datafield tag="650" ind1=" " ind2="4">
      <subfield code="a">Stadtplan</subfield>
    </datafield>
    <datafield tag="651" ind1=" " ind2="4">
      <subfield code="a">Brasilien</subfield>
    </datafield>
    <datafield tag="651" ind1=" " ind2="4">
      <subfield code="a">Recife</subfield>
    </datafield>
    <datafield tag="700" ind1="2" ind2=" ">
      <subfield code="a">Pinto Correia, José Soares</subfield>
    </datafield>
    <datafield tag="700" ind1="2" ind2=" ">
      <subfield code="a">Baerle, Kaspar van</subfield>
      <subfield code="1">118859617</subfield>
    </datafield>
    <datafield tag="841" ind1=" " ind2=" ">
      <subfield code="a">em__</subfield>
      <subfield code="b">1874</subfield>
      <subfield code="c">3</subfield>
    </datafield>
    <datafield tag="852" ind1=" " ind2=" ">
      <subfield code="a">DE-185</subfield>
      <subfield code="c">Historische Abteilung</subfield>
      <subfield code="m">HK 1601</subfield>
      <subfield code="t">240260001</subfield>
    </datafield>
    <datafield tag="856" ind1=" " ind2=" ">
      <subfield code="a">https://ifl.wissensbank.com/fastlink.html?search=240260000</subfield>
      <subfield code="3">permalink</subfield>
    </datafield>
    <datafield tag="856" ind1=" " ind2=" ">
      <subfield code="a">https://ifl.wissensbank.com/cgi-bin/starfetch.exe?PHFgefFciyK3MyVmboKpRJwCWg7EG5R0PK2odyeL1mEFZo3z5riySZ2SqNDsX7YvQsEbO9P@s3K8QVwC7I3aTSj4ieJt70S67T5iDXR9HJsz1Eeb1f9.mMuW1ClKicEViezojlkT9rcrGjJ4@fMhOw/HK1601.jpg</subfield>
      <subfield code="3">file</subfield>
    </datafield>
  </record>