
  <record>
    <leader>01250nem  22002893  4500</leader>
    <controlfield tag="001">241063000</controlfield>
    <controlfield tag="003">DE-185</controlfield>
    <controlfield tag="007">ta</controlfield>
    <controlfield tag="008">1850                             i|ger</controlfield>
    <datafield tag="041" ind1=" " ind2=" ">
      <subfield code="a">ger</subfield>
    </datafield>
    <datafield tag="084" ind1=" " ind2=" ">
      <subfield code="a">RD04 Südamerika</subfield>
    </datafield>
    <datafield tag="225" ind1=" " ind2=" ">
      <subfield code="c">W 91°55'00"-W 29°14'00"/N 13°47'00"-S 56°49'00"</subfield>
    </datafield>
    <datafield tag="245" ind1="1" ind2="0">
      <subfield code="a">Karte von Süd-Amerika zur Übersicht der Unebenheiten des Bodens</subfield>
      <subfield code="c">nach Alexander von Humboldt. Potsdam, gez. u. gest. in der geogr. Kunstschule</subfield>
    </datafield>
    <datafield tag="250" ind1=" " ind2=" ">
      <subfield code="a">Zweite verbesserte Auflage</subfield>
    </datafield>
    <datafield tag="260" ind1=" " ind2=" ">
      <subfield code="a">Gotha</subfield>
      <subfield code="b">Justus Perthes</subfield>
      <subfield code="c">1850</subfield>
    </datafield>
    <datafield tag="300" ind1=" " ind2=" ">
      <subfield code="a">1 Kt.</subfield>
      <subfield code="b">Grenzen kolor.</subfield>
      <subfield code="c">40 x 33 cm</subfield>
    </datafield>
    <datafield tag="337" ind1=" " ind2=" ">
      <subfield code="a">Karte</subfield>
    </datafield>
    <datafield tag="500" ind1=" " ind2=" ">
      <subfield code="a">Aus: Dr. Heinrich Berghaus' Physikalischer Atlas / 3 ; 5: Geologie. - Ohne Maßstab. - Titel Mitte rechts. - Erkl. der Zeichen oben links. - Mit 2 Profilen. - Mit 3 Nebenkt.: Bolivia. Südlicher Theil der Neüen Welt. Das Hochland von Quito. - Relief: Schraffen</subfield>
    </datafield>
    <datafield tag="520" ind1="3" ind2="#">
      <subfield code="a">Physische Karte von Südamerika</subfield>
    </datafield>
    <datafield tag="541" ind1=" " ind2=" ">
      <subfield code="a">Collection Alphons Stübel</subfield>
    </datafield>
    <datafield tag="562" ind1=" " ind2=" ">
      <subfield code="a">Nummer aus Altbestand</subfield>
      <subfield code="b">SAm 1b/1</subfield>
    </datafield>
    <datafield tag="650" ind1=" " ind2="4">
      <subfield code="a">Altkarte</subfield>
    </datafield>
    <datafield tag="650" ind1=" " ind2="4">
      <subfield code="a">Physische Karte</subfield>
    </datafield>
    <datafield tag="651" ind1=" " ind2="4">
      <subfield code="a">Südamerika</subfield>
    </datafield>
    <datafield tag="700" ind1="2" ind2=" ">
      <subfield code="a">Humboldt, Alexander von</subfield>
      <subfield code="1">118554700</subfield>
    </datafield>
    <datafield tag="700" ind1="2" ind2=" ">
      <subfield code="a">Perthes, Justus</subfield>
    </datafield>
    <datafield tag="700" ind1="2" ind2=" ">
      <subfield code="a">Berghaus, Heinrich Karl Wilhelm</subfield>
    </datafield>
    <datafield tag="700" ind1="2" ind2=" ">
      <subfield code="a">Orbigny, Alcide Dessalines d'</subfield>
    </datafield>
    <datafield tag="700" ind1="2" ind2=" ">
      <subfield code="a">Bach, Moritz</subfield>
    </datafield>
    <datafield tag="841" ind1=" " ind2=" ">
      <subfield code="a">em__</subfield>
      <subfield code="b">1850</subfield>
      <subfield code="c">3</subfield>
    </datafield>
    <datafield tag="852" ind1=" " ind2=" ">
      <subfield code="a">DE-185</subfield>
      <subfield code="c">Historische Abteilung</subfield>
      <subfield code="m">HK 1607</subfield>
      <subfield code="t">241063001</subfield>
    </datafield>
    <datafield tag="856" ind1=" " ind2=" ">
      <subfield code="a">https://ifl.wissensbank.com/fastlink.html?search=241063000</subfield>
      <subfield code="3">permalink</subfield>
    </datafield>
    <datafield tag="856" ind1=" " ind2=" ">
      <subfield code="a">https://ifl.wissensbank.com/cgi-bin/starfetch.exe?ENMyyYShAo.0TzG@zb1@.2BzPJJlf8OKGLCS7lCrsFItjYkZSgwERTJOPnjRDqR2EhnvFu@i151czmFlWHmDN6mOn8LhbhoLsArUFtB.Wkw63aaxMAKqoANVDSyHV.Zj7b5LEA.DLARXSYcwcumU9Q/HK1607.jpg</subfield>
      <subfield code="3">file</subfield>
    </datafield>
  </record>