
  <record>
    <leader>01250nem  22002893  4500</leader>
    <controlfield tag="001">241145000</controlfield>
    <controlfield tag="003">DE-185</controlfield>
    <controlfield tag="007">ta</controlfield>
    <controlfield tag="008">1886                             i|ger</controlfield>
    <datafield tag="041" ind1=" " ind2=" ">
      <subfield code="a">ger</subfield>
    </datafield>
    <datafield tag="084" ind1=" " ind2=" ">
      <subfield code="a">RD04.13 Brasilien</subfield>
    </datafield>
    <datafield tag="225" ind1=" " ind2=" ">
      <subfield code="a">1 : 500 000</subfield>
      <subfield code="c">W 56°10'00"-W 48°05'00"/N 1°00'00"-S 15°55'00"</subfield>
    </datafield>
    <datafield tag="245" ind1="1" ind2="0">
      <subfield code="a">Spezialkarte Des Schingústromes</subfield>
      <subfield code="b">Nach den Aufnahmen und Ortsbestimmungen von Dr. O. Clauss reduziert auf den Maßsstab 1 : 500000</subfield>
      <subfield code="c">Red. v. B. Hassenstein, aut. v. C. Schmidt</subfield>
    </datafield>
    <datafield tag="260" ind1=" " ind2=" ">
      <subfield code="a">Gotha</subfield>
      <subfield code="b">Justus Perthes</subfield>
      <subfield code="c">1886</subfield>
    </datafield>
    <datafield tag="300" ind1=" " ind2=" ">
      <subfield code="a">1 Kt.</subfield>
      <subfield code="b">teilw. kolor.</subfield>
      <subfield code="c">77 x 45 cm, gefaltet 13 x 18 cm</subfield>
    </datafield>
    <datafield tag="337" ind1=" " ind2=" ">
      <subfield code="a">Karte</subfield>
    </datafield>
    <datafield tag="500" ind1=" " ind2=" ">
      <subfield code="a">Aus: Petermanns Geographische Mitteilungen / August Petermann. - Oben rechts: Jahrgang 1886, Tafel 7. - Maßstab in graph. Form (Kilometer, Leguas). - Titel oberhalb des Kt.-Feldes. - Maßstab und Legende oben Mitte. - Auf Leinen aufgezogen. - Mit 1 Nebenkt.: Übersicht der Expedition v. d. Steinen durch Brasilien. - Relief angedeutet: Schraffen</subfield>
    </datafield>
    <datafield tag="520" ind1="3" ind2="#">
      <subfield code="a">Xingú-Gebiet mit Reiseroute der Expedition von Karl und Wilhelm von den Steinen 1884</subfield>
    </datafield>
    <datafield tag="562" ind1=" " ind2=" ">
      <subfield code="a">Nummer aus Altbestand</subfield>
      <subfield code="b">SAm 4b/31</subfield>
    </datafield>
    <datafield tag="650" ind1=" " ind2="4">
      <subfield code="a">Altkarte</subfield>
    </datafield>
    <datafield tag="650" ind1=" " ind2="4">
      <subfield code="a">Forschungsreise</subfield>
    </datafield>
    <datafield tag="651" ind1=" " ind2="4">
      <subfield code="a">Brasilien</subfield>
    </datafield>
    <datafield tag="651" ind1=" " ind2="4">
      <subfield code="a">Rio Xingú</subfield>
    </datafield>
    <datafield tag="700" ind1="2" ind2=" ">
      <subfield code="a">Clauss, Otto</subfield>
    </datafield>
    <datafield tag="700" ind1="2" ind2=" ">
      <subfield code="a">Perthes, Justus</subfield>
    </datafield>
    <datafield tag="700" ind1="2" ind2=" ">
      <subfield code="a">Schmidt, Carl</subfield>
    </datafield>
    <datafield tag="700" ind1="2" ind2=" ">
      <subfield code="a">Hassenstein, Bruno</subfield>
    </datafield>
    <datafield tag="700" ind1="2" ind2=" ">
      <subfield code="a">Steinen, Karl von den</subfield>
      <subfield code="1">117251992</subfield>
    </datafield>
    <datafield tag="700" ind1="2" ind2=" ">
      <subfield code="a">Steinen, Wilhelm von den</subfield>
      <subfield code="1">117657735</subfield>
    </datafield>
    <datafield tag="841" ind1=" " ind2=" ">
      <subfield code="a">em__</subfield>
      <subfield code="b">1886</subfield>
      <subfield code="c">3</subfield>
    </datafield>
    <datafield tag="852" ind1=" " ind2=" ">
      <subfield code="a">DE-185</subfield>
      <subfield code="c">Historische Abteilung</subfield>
      <subfield code="m">HK 1614</subfield>
      <subfield code="t">241145001</subfield>
    </datafield>
    <datafield tag="856" ind1=" " ind2=" ">
      <subfield code="a">https://ifl.wissensbank.com/fastlink.html?search=241145000</subfield>
      <subfield code="3">permalink</subfield>
    </datafield>
    <datafield tag="856" ind1=" " ind2=" ">
      <subfield code="a">https://ifl.wissensbank.com/cgi-bin/starfetch.exe?kCw@EZjdAyZDWdlLi1c2P9cedUDXQWmQOoZkBxX2dEQNpOwsrehZHuZKHGI@JffsDUNVCdIdfTLe4cw6Ncrj3HG3xs3S6uX6XAiK1qFF4lSL5XuDXrkosjQhXPNrPccUSgMsEkTVd3fSWN2SeHa73g/HK1614.jpg</subfield>
      <subfield code="3">file</subfield>
    </datafield>
  </record>