
  <record>
    <leader>01250nem  22002893  4500</leader>
    <controlfield tag="001">242621000</controlfield>
    <controlfield tag="003">DE-185</controlfield>
    <controlfield tag="007">ta</controlfield>
    <controlfield tag="008">1849                             i|spa</controlfield>
    <datafield tag="041" ind1=" " ind2=" ">
      <subfield code="a">spa</subfield>
    </datafield>
    <datafield tag="084" ind1=" " ind2=" ">
      <subfield code="a">RA06.02 Spanien</subfield>
    </datafield>
    <datafield tag="225" ind1=" " ind2=" ">
      <subfield code="a">1 : 280 000</subfield>
      <subfield code="c">W 18°13'00"-W 15°50'00"/N 29°24'00"-N 27°30'00"</subfield>
    </datafield>
    <datafield tag="245" ind1="1" ind2="0">
      <subfield code="a">Islas Canarias</subfield>
      <subfield code="c">Formado el mapa en vista de diferentes documentos Por El Teniente Coronel Capitan de Ingenieros D. Francisco Coello. [Aumentado con notas Estadisticas é Historicas Por Pascual Madoz.] Grabado en Madrid bajo la direccion de D. Juan Noguera</subfield>
    </datafield>
    <datafield tag="260" ind1=" " ind2=" ">
      <subfield code="a">Madrid</subfield>
      <subfield code="c">[1849]</subfield>
    </datafield>
    <datafield tag="300" ind1=" " ind2=" ">
      <subfield code="a">1 Kt. auf 2 Bl.</subfield>
      <subfield code="b">Grenzen kolor.</subfield>
      <subfield code="c">96 x 70 cm</subfield>
    </datafield>
    <datafield tag="337" ind1=" " ind2=" ">
      <subfield code="a">Karte</subfield>
    </datafield>
    <datafield tag="500" ind1=" " ind2=" ">
      <subfield code="a">Nur linker Teil vorhanden. - Aus: Coello, Francisco: Atlas de España y sus posesiones de ultramar, Madrid, 1847-1868. - Maßstab in graph. Form (Leguas legales, Millas marítimas de un minuto de latitud). - Nullmeridian: Madrid. - Titel oben rechts (unvollst.). - Erkl. der Zeichen und Maßstab oben rechts. - Mit statist. Tab. u. umfangr. Erl. - Mit 7 Nebenkt.: Fondeadero De Tasacorte. Villa De S. Sebastian De Gomera. Puerto De Naos. Caleta De Interian. Bahia Y Cuidad De Sta. Cruz Y St. Miguel De La Palma. Sta. Cruz De Tenerife. Puerto De Garachico. - Mit 1 Küstenansicht: Vista de la Isla de Tenerife. - Oben links: Diccion Ario Geografico-Estadistico-Historico. - Mit Bergstrichen. - Auf Leinen aufgezogen</subfield>
    </datafield>
    <datafield tag="520" ind1="3" ind2="#">
      <subfield code="a">Kanarische Inseln El Hierro, La Gomera, La Palma und Teneriffa mit Städten, Bergen etc.</subfield>
    </datafield>
    <datafield tag="541" ind1=" " ind2=" ">
      <subfield code="a">Collection Alphons Stübel</subfield>
    </datafield>
    <datafield tag="562" ind1=" " ind2=" ">
      <subfield code="a">Nummer aus Altbestand</subfield>
      <subfield code="b">AF 27b/57</subfield>
    </datafield>
    <datafield tag="650" ind1=" " ind2="4">
      <subfield code="a">Altkarte</subfield>
    </datafield>
    <datafield tag="651" ind1=" " ind2="4">
      <subfield code="a">Spanien</subfield>
    </datafield>
    <datafield tag="651" ind1=" " ind2="4">
      <subfield code="a">Islas Canarias (Kanarische Inseln)</subfield>
    </datafield>
    <datafield tag="653" ind1="1" ind2=" ">
      <subfield code="a">Inselgruppe</subfield>
    </datafield>
    <datafield tag="700" ind1="2" ind2=" ">
      <subfield code="a">Noguera, Juan</subfield>
      <subfield code="1">140194029</subfield>
    </datafield>
    <datafield tag="700" ind1="2" ind2=" ">
      <subfield code="a">Coello, Francisco</subfield>
      <subfield code="1">12470901X</subfield>
    </datafield>
    <datafield tag="700" ind1="2" ind2=" ">
      <subfield code="a">Madoz, Pascual</subfield>
      <subfield code="1">119040786</subfield>
    </datafield>
    <datafield tag="841" ind1=" " ind2=" ">
      <subfield code="a">em__</subfield>
      <subfield code="b">1849</subfield>
      <subfield code="c">3</subfield>
    </datafield>
    <datafield tag="852" ind1=" " ind2=" ">
      <subfield code="a">DE-185</subfield>
      <subfield code="c">Historische Abteilung</subfield>
      <subfield code="m">HK 1626</subfield>
      <subfield code="t">242621001</subfield>
    </datafield>
    <datafield tag="856" ind1=" " ind2=" ">
      <subfield code="a">https://ifl.wissensbank.com/fastlink.html?search=242621000</subfield>
      <subfield code="3">permalink</subfield>
    </datafield>
    <datafield tag="856" ind1=" " ind2=" ">
      <subfield code="a">https://ifl.wissensbank.com/cgi-bin/starfetch.exe?KWDAQyYf@dbfFmkBZWDdjCOwU4D5mvZ5pU.7NeX5.B2AQy1fq3r4zaoS.chtxzORzgbYyqA8lPucgG79PobFDCn4TrWVZvyFGu.bTsQ3p@HUUvjGHgD1z5Z5DDYJFw.BaWRXqwP0GkNoINZwDKHE0A/HK1626.jpg</subfield>
      <subfield code="3">file</subfield>
    </datafield>
  </record>