
  <record>
    <leader>01250nem  22002893  4500</leader>
    <controlfield tag="001">242632000</controlfield>
    <controlfield tag="003">DE-185</controlfield>
    <controlfield tag="007">ta</controlfield>
    <controlfield tag="008">1865                             i|spa</controlfield>
    <datafield tag="041" ind1=" " ind2=" ">
      <subfield code="a">spa</subfield>
    </datafield>
    <datafield tag="084" ind1=" " ind2=" ">
      <subfield code="a">RD04.16 Kolumbien</subfield>
    </datafield>
    <datafield tag="225" ind1=" " ind2=" ">
      <subfield code="a">1 : 1 350 000</subfield>
      <subfield code="c">W 73°51'00"-W 66°44'00"/N 6°39'00"-N 1°52'00"</subfield>
    </datafield>
    <datafield tag="245" ind1="1" ind2="0">
      <subfield code="a">Carta Corográfica de la parte oriental i ménos poblada Del Estado De Cundinamarca</subfield>
      <subfield code="c">Construida con los datos de la Comision Corográfica I De Órden Del Gobierno Jeneral, Por Manuel Ponce De Leon, Injeniero I Manuel Maria Paz Bogotá 1864. Grabado por Erhard Schièble</subfield>
    </datafield>
    <datafield tag="260" ind1=" " ind2=" ">
      <subfield code="a">Paris</subfield>
      <subfield code="b">Thierry hermanos</subfield>
      <subfield code="c">1865</subfield>
    </datafield>
    <datafield tag="300" ind1=" " ind2=" ">
      <subfield code="a">1 Kt.</subfield>
      <subfield code="b">unkolor.</subfield>
      <subfield code="c">64 x 49 cm</subfield>
    </datafield>
    <datafield tag="337" ind1=" " ind2=" ">
      <subfield code="a">Karte</subfield>
    </datafield>
    <datafield tag="500" ind1=" " ind2=" ">
      <subfield code="a">Maßstab in graph. Form (miriámetros, Antiguas leguas granadinas). - Titel unten rechts. - Maßstab unten links. - Oben links: Estados Unidos De Colombia. - Relief: Schraffen</subfield>
    </datafield>
    <datafield tag="520" ind1="3" ind2="#">
      <subfield code="a">Cundinamarca mit Städten, Bergen, Flüssen etc.</subfield>
    </datafield>
    <datafield tag="541" ind1=" " ind2=" ">
      <subfield code="a">Collection Alphons Stübel</subfield>
    </datafield>
    <datafield tag="562" ind1=" " ind2=" ">
      <subfield code="a">Nummer aus Altbestand</subfield>
      <subfield code="b">SAm 12b/6</subfield>
    </datafield>
    <datafield tag="650" ind1=" " ind2="4">
      <subfield code="a">Altkarte</subfield>
    </datafield>
    <datafield tag="651" ind1=" " ind2="4">
      <subfield code="a">Kolumbien</subfield>
    </datafield>
    <datafield tag="651" ind1=" " ind2="4">
      <subfield code="a">Cundinamarca</subfield>
    </datafield>
    <datafield tag="700" ind1="2" ind2=" ">
      <subfield code="a">Ponce de León, Manuel</subfield>
    </datafield>
    <datafield tag="700" ind1="2" ind2=" ">
      <subfield code="a">Paz, Manuel Maria</subfield>
    </datafield>
    <datafield tag="700" ind1="2" ind2=" ">
      <subfield code="a">Thierry, ...</subfield>
    </datafield>
    <datafield tag="700" ind1="2" ind2=" ">
      <subfield code="a">Schieble, Erhard</subfield>
    </datafield>
    <datafield tag="841" ind1=" " ind2=" ">
      <subfield code="a">em__</subfield>
      <subfield code="b">1865</subfield>
      <subfield code="c">3</subfield>
    </datafield>
    <datafield tag="852" ind1=" " ind2=" ">
      <subfield code="a">DE-185</subfield>
      <subfield code="c">Historische Abteilung</subfield>
      <subfield code="m">HK 1627</subfield>
      <subfield code="t">242632001</subfield>
    </datafield>
    <datafield tag="856" ind1=" " ind2=" ">
      <subfield code="a">https://ifl.wissensbank.com/fastlink.html?search=242632000</subfield>
      <subfield code="3">permalink</subfield>
    </datafield>
    <datafield tag="856" ind1=" " ind2=" ">
      <subfield code="a">https://ifl.wissensbank.com/cgi-bin/starfetch.exe?eVzY2ou8PnC1rQ6fgNg7tXtaPirqaY3QGBbOWroD9DiR6nvczt9FbASyXrONaKQ1bTUgsbg0CLILci6SICnRlaIiLM.4SJGI3iNHCmc4CpwlNwPc8QR5zx5TpAmEgvCvWSZstPrVfa1FrZXd4wEW8w/HK1627.jpg</subfield>
      <subfield code="3">file</subfield>
    </datafield>
  </record>