
  <record>
    <leader>01250nem  22002893  4500</leader>
    <controlfield tag="001">242686000</controlfield>
    <controlfield tag="003">DE-185</controlfield>
    <controlfield tag="007">ta</controlfield>
    <controlfield tag="008">1889                             i|spa</controlfield>
    <datafield tag="041" ind1=" " ind2=" ">
      <subfield code="a">spa</subfield>
    </datafield>
    <datafield tag="084" ind1=" " ind2=" ">
      <subfield code="a">RD04.11 Argentinien</subfield>
    </datafield>
    <datafield tag="225" ind1=" " ind2=" ">
      <subfield code="a">1 : 1 000 000</subfield>
      <subfield code="c">W 72°44'00"-W 66°59'00"/S 20°57'00"-S 28°02'00"</subfield>
    </datafield>
    <datafield tag="245" ind1="1" ind2="0">
      <subfield code="a">Mapa De La República Argentina</subfield>
      <subfield code="b">I. Parte del Norte</subfield>
      <subfield code="c">Construido sobre los datos existentes, y sus proprias observaciones hechas durante los años 1875 hasta 1888 por el Dr. Luis Brackebusch Catedrático de la Universidad Nacional de Córdoba. Publicado por encargo de la Comision Directiva Argentina para la Exposicion Universal De Paris</subfield>
    </datafield>
    <datafield tag="260" ind1=" " ind2=" ">
      <subfield code="a">Gotha</subfield>
      <subfield code="b">Instituto Geográfico de C. Hellfarth</subfield>
      <subfield code="c">1889</subfield>
    </datafield>
    <datafield tag="300" ind1=" " ind2=" ">
      <subfield code="a">1 Kt. auf 9 Bl.</subfield>
      <subfield code="b">teilw. kolor.</subfield>
      <subfield code="c">Gesamtgr. ca. 185 x 237 cm, je Teil ca. 60 x 77 cm</subfield>
    </datafield>
    <datafield tag="337" ind1=" " ind2=" ">
      <subfield code="a">Karte</subfield>
    </datafield>
    <datafield tag="500" ind1=" " ind2=" ">
      <subfield code="a">Maßstab in graph. Form (Kilometros, millas geograficas). - Titel, Legende und Maßstab unten rechts (HK 1632-09). - Mit 1 Nebenkt.: Territorio de las Misiones. - Relief: Plastisch</subfield>
    </datafield>
    <datafield tag="520" ind1="3" ind2="#">
      <subfield code="a">Großkarte von Nordargentinien mit Städten, Flüssen, Bergen etc.</subfield>
    </datafield>
    <datafield tag="541" ind1=" " ind2=" ">
      <subfield code="a">Collection Alphons Stübel</subfield>
    </datafield>
    <datafield tag="562" ind1=" " ind2=" ">
      <subfield code="a">Nummer aus Altbestand</subfield>
      <subfield code="b">SAm 7b/7a</subfield>
    </datafield>
    <datafield tag="650" ind1=" " ind2="4">
      <subfield code="a">Altkarte</subfield>
    </datafield>
    <datafield tag="650" ind1=" " ind2="4">
      <subfield code="a">Physische Karte</subfield>
    </datafield>
    <datafield tag="651" ind1=" " ind2="4">
      <subfield code="a">Argentinien</subfield>
    </datafield>
    <datafield tag="651" ind1=" " ind2="4">
      <subfield code="a">Argentinien (Nord)</subfield>
    </datafield>
    <datafield tag="700" ind1="2" ind2=" ">
      <subfield code="a">Hellfarth, Carl</subfield>
    </datafield>
    <datafield tag="700" ind1="2" ind2=" ">
      <subfield code="a">Brackebusch, Ludwig</subfield>
    </datafield>
    <datafield tag="841" ind1=" " ind2=" ">
      <subfield code="a">em__</subfield>
      <subfield code="b">1889</subfield>
      <subfield code="c">3</subfield>
    </datafield>
    <datafield tag="852" ind1=" " ind2=" ">
      <subfield code="a">DE-185</subfield>
      <subfield code="c">Historische Abteilung</subfield>
      <subfield code="m">HK 1632 - 01</subfield>
      <subfield code="t">242686001</subfield>
    </datafield>
    <datafield tag="856" ind1=" " ind2=" ">
      <subfield code="a">https://ifl.wissensbank.com/fastlink.html?search=242686000</subfield>
      <subfield code="3">permalink</subfield>
    </datafield>
    <datafield tag="856" ind1=" " ind2=" ">
      <subfield code="a">https://ifl.wissensbank.com/cgi-bin/starfetch.exe?i9qZ.0yFBCgoB0VIOrT1t3AlCHx4znw.n1cHdD4N6JB.nhfRIaH4iukc3jQk4c2gm9pgR9FPM2xAZREBxsPQwNPW0kI5RIP0Z57muR5HJZgsw3ThzGMIysbK0tuogVeJEZCdNWAk@yAbZKGW77fGWw/HK1632%2e1.jpg</subfield>
      <subfield code="3">file</subfield>
    </datafield>
  </record>