
  <record>
    <leader>01250nem  22002893  4500</leader>
    <controlfield tag="001">242698000</controlfield>
    <controlfield tag="003">DE-185</controlfield>
    <controlfield tag="007">ta</controlfield>
    <controlfield tag="008">1891                             i|spa</controlfield>
    <datafield tag="041" ind1=" " ind2=" ">
      <subfield code="a">spa</subfield>
    </datafield>
    <datafield tag="084" ind1=" " ind2=" ">
      <subfield code="a">RD04.11 Argentinien</subfield>
    </datafield>
    <datafield tag="225" ind1=" " ind2=" ">
      <subfield code="a">1 : 1 000 000</subfield>
      <subfield code="c">W 75°47'00"-W 69°19'00"/S 41°54'00"-S 48°42'00"</subfield>
    </datafield>
    <datafield tag="245" ind1="1" ind2="0">
      <subfield code="a">Mapa De La República Argentina Y De Los Paises Limitrofes</subfield>
      <subfield code="b">II. Parte Del Sud</subfield>
      <subfield code="c">Construido Sobre Los Datos Existentes Por El Dr. Luis Brackebusch Catedrático De La Universidad Nacional De Córdoba</subfield>
    </datafield>
    <datafield tag="260" ind1=" " ind2=" ">
      <subfield code="a">Leipzig</subfield>
      <subfield code="b">Wagner &amp; Debes</subfield>
      <subfield code="c">1891</subfield>
    </datafield>
    <datafield tag="300" ind1=" " ind2=" ">
      <subfield code="a">1 Kt. auf 4 Bl.</subfield>
      <subfield code="b">teilw. kolor.</subfield>
      <subfield code="c">Gesamtgr. ca. 103 x 157 cm, je Teil ca. 50 x 78 cm</subfield>
    </datafield>
    <datafield tag="337" ind1=" " ind2=" ">
      <subfield code="a">Karte</subfield>
    </datafield>
    <datafield tag="500" ind1=" " ind2=" ">
      <subfield code="a">Maßstab in graph. Form (kilómetros, millas naúticas). - Titel, Erkl. der Zeichen und Maßstab unten rechts (HK 1633-04). - Mit 1 Nebenkt.: Las Islas Malvinas Ó De Falkland. - Relief: Plastisch</subfield>
    </datafield>
    <datafield tag="520" ind1="3" ind2="#">
      <subfield code="a">Großkarte von Südargentinien mit Städten, Flüssen, Bergen etc.</subfield>
    </datafield>
    <datafield tag="541" ind1=" " ind2=" ">
      <subfield code="a">Collection Alphons Stübel</subfield>
    </datafield>
    <datafield tag="562" ind1=" " ind2=" ">
      <subfield code="a">Nummer aus Altbestand</subfield>
      <subfield code="b">SAm 7b/8</subfield>
    </datafield>
    <datafield tag="650" ind1=" " ind2="4">
      <subfield code="a">Altkarte</subfield>
    </datafield>
    <datafield tag="650" ind1=" " ind2="4">
      <subfield code="a">Physische Karte</subfield>
    </datafield>
    <datafield tag="651" ind1=" " ind2="4">
      <subfield code="a">Argentinien</subfield>
    </datafield>
    <datafield tag="651" ind1=" " ind2="4">
      <subfield code="a">Argentinien (Süd)</subfield>
    </datafield>
    <datafield tag="700" ind1="2" ind2=" ">
      <subfield code="a">Brackebusch, Ludwig</subfield>
    </datafield>
    <datafield tag="700" ind1="2" ind2=" ">
      <subfield code="a">Wagner, Heinrich</subfield>
    </datafield>
    <datafield tag="700" ind1="2" ind2=" ">
      <subfield code="a">Debes, Ernst</subfield>
    </datafield>
    <datafield tag="841" ind1=" " ind2=" ">
      <subfield code="a">em__</subfield>
      <subfield code="b">1891</subfield>
      <subfield code="c">3</subfield>
    </datafield>
    <datafield tag="852" ind1=" " ind2=" ">
      <subfield code="a">DE-185</subfield>
      <subfield code="c">Historische Abteilung</subfield>
      <subfield code="m">HK 1633 - 01</subfield>
      <subfield code="t">242698001</subfield>
    </datafield>
    <datafield tag="856" ind1=" " ind2=" ">
      <subfield code="a">https://ifl.wissensbank.com/fastlink.html?search=242698000</subfield>
      <subfield code="3">permalink</subfield>
    </datafield>
    <datafield tag="856" ind1=" " ind2=" ">
      <subfield code="a">https://ifl.wissensbank.com/cgi-bin/starfetch.exe?TrDEBQwxW1kWeOEC1V2lI1VT5KHf1jp@@m9QyEN54b3k4jNrDJqQDT6NDE7gGCGHB1r458LTwHJATO4Yvvaput6iIcuqrwFeDPUd0mDn4d4UiASxlFtI0OL7dORTkHsqfJmtR3KNcBBppywFf9WCYA/HK1633%2e1.jpg</subfield>
      <subfield code="3">file</subfield>
    </datafield>
  </record>