
  <record>
    <leader>01250nem  22002893  4500</leader>
    <controlfield tag="001">242918000</controlfield>
    <controlfield tag="003">DE-185</controlfield>
    <controlfield tag="007">ta</controlfield>
    <controlfield tag="008">1885                             i|spa</controlfield>
    <datafield tag="041" ind1=" " ind2=" ">
      <subfield code="a">spa</subfield>
    </datafield>
    <datafield tag="084" ind1=" " ind2=" ">
      <subfield code="a">RD04.11 Argentinien</subfield>
    </datafield>
    <datafield tag="225" ind1=" " ind2=" ">
      <subfield code="a">1 : 1 000 000</subfield>
      <subfield code="c">W 70°55'00"-W 66°30'00"/S 21°23'00"-S 26°00'00"</subfield>
    </datafield>
    <datafield tag="245" ind1="1" ind2="0">
      <subfield code="a">Mapa Del Interior de la República Argentina</subfield>
      <subfield code="c">construido sobre los datos oficiales y sus propias observaciones hechas en los años 1875-1883 por el Dr. D. Luis Brackebusch Catedratico De La Universidad Nacional Córdoba</subfield>
    </datafield>
    <datafield tag="260" ind1=" " ind2=" ">
      <subfield code="a">Gotha</subfield>
      <subfield code="b">Instituto cartografico de C. Hellfarth</subfield>
      <subfield code="c">1885</subfield>
    </datafield>
    <datafield tag="300" ind1=" " ind2=" ">
      <subfield code="a">1 Kt. auf 6 Bl.</subfield>
      <subfield code="b">teilw. kolor.</subfield>
      <subfield code="c">Gesamtgr. 98 x 161 cm, je Teil ca. 46 x 50 cm</subfield>
    </datafield>
    <datafield tag="337" ind1=" " ind2=" ">
      <subfield code="a">Karte</subfield>
    </datafield>
    <datafield tag="500" ind1=" " ind2=" ">
      <subfield code="a">Maßstab in graph. Form (Kilometros, millas geográficas). - Titel auf HK 1640-2. - Maßstab und Erkl. der Zeichen auf HK 1640-4. - Relief: Plastisch</subfield>
    </datafield>
    <datafield tag="520" ind1="3" ind2="#">
      <subfield code="a">Großkarte von Argentinien mit Städten, Flüssen, Bergen etc.</subfield>
    </datafield>
    <datafield tag="541" ind1=" " ind2=" ">
      <subfield code="a">Collection Alphons Stübel</subfield>
    </datafield>
    <datafield tag="562" ind1=" " ind2=" ">
      <subfield code="a">Nummer aus Altbestand</subfield>
      <subfield code="b">SAm 7b/9</subfield>
    </datafield>
    <datafield tag="650" ind1=" " ind2="4">
      <subfield code="a">Altkarte</subfield>
    </datafield>
    <datafield tag="651" ind1=" " ind2="4">
      <subfield code="a">Argentinien</subfield>
    </datafield>
    <datafield tag="700" ind1="2" ind2=" ">
      <subfield code="a">Brackebusch, Ludwig</subfield>
    </datafield>
    <datafield tag="700" ind1="2" ind2=" ">
      <subfield code="a">Hellfarth, Carl</subfield>
    </datafield>
    <datafield tag="841" ind1=" " ind2=" ">
      <subfield code="a">em__</subfield>
      <subfield code="b">1885</subfield>
      <subfield code="c">3</subfield>
    </datafield>
    <datafield tag="852" ind1=" " ind2=" ">
      <subfield code="a">DE-185</subfield>
      <subfield code="c">Historische Abteilung</subfield>
      <subfield code="m">HK 1640 - 01</subfield>
      <subfield code="t">242918001</subfield>
    </datafield>
    <datafield tag="856" ind1=" " ind2=" ">
      <subfield code="a">https://ifl.wissensbank.com/fastlink.html?search=242918000</subfield>
      <subfield code="3">permalink</subfield>
    </datafield>
    <datafield tag="856" ind1=" " ind2=" ">
      <subfield code="a">https://ifl.wissensbank.com/cgi-bin/starfetch.exe?p10AxUi3usNv7VjpDNyLMhtrMUeBe@o2WmTT.gx3AVYGnlEDwtp3sij.9@ccupi9Oy4WZ5AQQXUegju88GAFQ8KcCJQntdKueEJUTXEDn6aco1yR20HqN1VDzssydPLay3t8Axd1dT2dN9PZEkGcHw/HK1640%2e1.jpg</subfield>
      <subfield code="3">file</subfield>
    </datafield>
  </record>