
  <record>
    <leader>01250nem  22002893  4500</leader>
    <controlfield tag="001">243170000</controlfield>
    <controlfield tag="003">DE-185</controlfield>
    <controlfield tag="007">ta</controlfield>
    <controlfield tag="008">1875                             i|spa</controlfield>
    <datafield tag="041" ind1=" " ind2=" ">
      <subfield code="a">spa</subfield>
    </datafield>
    <datafield tag="084" ind1=" " ind2=" ">
      <subfield code="a">RD04.16 Kolumbien</subfield>
    </datafield>
    <datafield tag="225" ind1=" " ind2=" ">
      <subfield code="a">1 : 6 500 000</subfield>
      <subfield code="c">W 83°13'00"-W 66°35'00"/N 12°18'00"-S 2°49'00"</subfield>
    </datafield>
    <datafield tag="245" ind1="1" ind2="0">
      <subfield code="a">Colombia</subfield>
      <subfield code="c">Dibujado por Dr. P. Elfert. Institúto geogr. de Wagner &amp; Debes</subfield>
    </datafield>
    <datafield tag="260" ind1=" " ind2=" ">
      <subfield code="a">Leipzig</subfield>
      <subfield code="b">F. Volckmar</subfield>
      <subfield code="c">[um 1875]</subfield>
    </datafield>
    <datafield tag="300" ind1=" " ind2=" ">
      <subfield code="a">1 Kt.</subfield>
      <subfield code="b">kolor.</subfield>
      <subfield code="c">29 x 26 cm</subfield>
    </datafield>
    <datafield tag="337" ind1=" " ind2=" ">
      <subfield code="a">Karte</subfield>
    </datafield>
    <datafield tag="500" ind1=" " ind2=" ">
      <subfield code="a">Maßstab in graph. Form (Millas geográficas, Kilometros). - Titel oberhalb des Kt.-Feldes. - Maßstab, Erkl. der Farben u. Zeichen links Mitte. - Nullmeridian: Greenwich. - Relief: Plastisch</subfield>
    </datafield>
    <datafield tag="520" ind1="3" ind2="#">
      <subfield code="a">Kolumbien mit Städten, Bergen, Flüssen etc.</subfield>
    </datafield>
    <datafield tag="541" ind1=" " ind2=" ">
      <subfield code="a">Collection Alphons Stübel</subfield>
    </datafield>
    <datafield tag="562" ind1=" " ind2=" ">
      <subfield code="a">Nummer aus Altbestand</subfield>
      <subfield code="b">SAm 12b/13</subfield>
    </datafield>
    <datafield tag="650" ind1=" " ind2="4">
      <subfield code="a">Altkarte</subfield>
    </datafield>
    <datafield tag="650" ind1=" " ind2="4">
      <subfield code="a">Physische Karte</subfield>
    </datafield>
    <datafield tag="651" ind1=" " ind2="4">
      <subfield code="a">Kolumbien</subfield>
    </datafield>
    <datafield tag="700" ind1="2" ind2=" ">
      <subfield code="a">Elfert, Paul</subfield>
    </datafield>
    <datafield tag="700" ind1="2" ind2=" ">
      <subfield code="a">Volckmar, Ludolf Franz Friedrich</subfield>
      <subfield code="1">117488151</subfield>
    </datafield>
    <datafield tag="700" ind1="2" ind2=" ">
      <subfield code="a">Wagner, Heinrich</subfield>
    </datafield>
    <datafield tag="700" ind1="2" ind2=" ">
      <subfield code="a">Debes, Ernst</subfield>
    </datafield>
    <datafield tag="841" ind1=" " ind2=" ">
      <subfield code="a">em__</subfield>
      <subfield code="b">1875</subfield>
      <subfield code="c">3</subfield>
    </datafield>
    <datafield tag="852" ind1=" " ind2=" ">
      <subfield code="a">DE-185</subfield>
      <subfield code="c">Historische Abteilung</subfield>
      <subfield code="m">HK 1644</subfield>
      <subfield code="t">243170001</subfield>
    </datafield>
    <datafield tag="856" ind1=" " ind2=" ">
      <subfield code="a">https://ifl.wissensbank.com/fastlink.html?search=243170000</subfield>
      <subfield code="3">permalink</subfield>
    </datafield>
    <datafield tag="856" ind1=" " ind2=" ">
      <subfield code="a">https://ifl.wissensbank.com/cgi-bin/starfetch.exe?Wq7aIGyAxnaAaTbSg.lWuBibHu9YvLwtDG6eAT68Crrm.4KWB2zFOUhu0q4Iv8.f.1lfA69oL0OQXQ6tVAoEAbFBd2JVo2@CbHqvL80Nn0ooOM98ZXIAjCsFJSxCXf8MpRxMoJ78ZfChqzrAWfz6Fg/HK1644.jpg</subfield>
      <subfield code="3">file</subfield>
    </datafield>
  </record>