
  <record>
    <leader>01250nem  22002893  4500</leader>
    <controlfield tag="001">243209000</controlfield>
    <controlfield tag="003">DE-185</controlfield>
    <controlfield tag="007">ta</controlfield>
    <controlfield tag="008">1894                             i|ger</controlfield>
    <datafield tag="041" ind1=" " ind2=" ">
      <subfield code="a">ger</subfield>
    </datafield>
    <datafield tag="084" ind1=" " ind2=" ">
      <subfield code="a">RD04.15 Ecuador</subfield>
    </datafield>
    <datafield tag="225" ind1=" " ind2=" ">
      <subfield code="a">1 : 2 500 000</subfield>
      <subfield code="c">W 81°03'00"-W 77°37'00"/N 1°39'00"-S 3°27'00"</subfield>
    </datafield>
    <datafield tag="245" ind1="1" ind2="0">
      <subfield code="a">Übersichtskarte Des Vulkangebiets Von Ecuador</subfield>
      <subfield code="c">Gez. v. Dr. Th. Wolf</subfield>
    </datafield>
    <datafield tag="260" ind1=" " ind2=" ">
      <subfield code="a">Leipzig</subfield>
      <subfield code="b">Geogr. Anst. v. Wagner &amp; Debes</subfield>
      <subfield code="c">[ca. 1894]</subfield>
    </datafield>
    <datafield tag="300" ind1=" " ind2=" ">
      <subfield code="a">1 Kt.</subfield>
      <subfield code="b">teilw. kolor.</subfield>
      <subfield code="c">17 x 24 cm</subfield>
    </datafield>
    <datafield tag="337" ind1=" " ind2=" ">
      <subfield code="a">Karte</subfield>
    </datafield>
    <datafield tag="500" ind1=" " ind2=" ">
      <subfield code="a">Aus: Die Vulkanberge von Ecuador / Alphons Stübel. - Titel und Maßstab oben links. - Relief: Plastisch</subfield>
    </datafield>
    <datafield tag="520" ind1="3" ind2="#">
      <subfield code="a">Vulkangebiet von Ecuador u.a. mit Chimborazo, Cotopaxi, Antisana und Sangay</subfield>
    </datafield>
    <datafield tag="562" ind1=" " ind2=" ">
      <subfield code="a">Nummer aus Altbestand</subfield>
      <subfield code="b">SAm 11b/16</subfield>
    </datafield>
    <datafield tag="650" ind1=" " ind2="4">
      <subfield code="a">Altkarte</subfield>
    </datafield>
    <datafield tag="650" ind1=" " ind2="4">
      <subfield code="a">Hochgebirge</subfield>
    </datafield>
    <datafield tag="650" ind1=" " ind2="4">
      <subfield code="a">Vulkanismus</subfield>
    </datafield>
    <datafield tag="651" ind1=" " ind2="4">
      <subfield code="a">Ecuador</subfield>
    </datafield>
    <datafield tag="651" ind1=" " ind2="4">
      <subfield code="a">Anden</subfield>
    </datafield>
    <datafield tag="700" ind1="2" ind2=" ">
      <subfield code="a">Stübel, Alphons</subfield>
      <subfield code="1">118810421</subfield>
    </datafield>
    <datafield tag="700" ind1="2" ind2=" ">
      <subfield code="a">Wolf, Theodor</subfield>
    </datafield>
    <datafield tag="700" ind1="2" ind2=" ">
      <subfield code="a">Wagner, Heinrich</subfield>
    </datafield>
    <datafield tag="700" ind1="2" ind2=" ">
      <subfield code="a">Debes, Ernst</subfield>
    </datafield>
    <datafield tag="841" ind1=" " ind2=" ">
      <subfield code="a">em__</subfield>
      <subfield code="b">1894</subfield>
      <subfield code="c">3</subfield>
    </datafield>
    <datafield tag="852" ind1=" " ind2=" ">
      <subfield code="a">DE-185</subfield>
      <subfield code="c">Historische Abteilung</subfield>
      <subfield code="m">HK 1648</subfield>
      <subfield code="t">243209001</subfield>
    </datafield>
    <datafield tag="856" ind1=" " ind2=" ">
      <subfield code="a">https://ifl.wissensbank.com/fastlink.html?search=243209000</subfield>
      <subfield code="3">permalink</subfield>
    </datafield>
    <datafield tag="856" ind1=" " ind2=" ">
      <subfield code="a">https://ifl.wissensbank.com/cgi-bin/starfetch.exe?VuPYtQzMCgBVlT8ZmV73YlgBzx.IPPtP0mIpkY1m4Lch.TRQi7MPuLjnjS9WXHBLq8pubWAGz6@GmVN6eJopItJ8Bx7OpZia.MiJ8Nj@tJlpfs31e0u6XkAR2FBXzlvlORqneQu3PHvVlOl7Z5cBRw/HK1648.jpg</subfield>
      <subfield code="3">file</subfield>
    </datafield>
  </record>