
  <record>
    <leader>01250nem  22002893  4500</leader>
    <controlfield tag="001">244126000</controlfield>
    <controlfield tag="003">DE-185</controlfield>
    <controlfield tag="007">ta</controlfield>
    <controlfield tag="008">1757                             i|lat</controlfield>
    <datafield tag="041" ind1=" " ind2=" ">
      <subfield code="a">lat</subfield>
    </datafield>
    <datafield tag="084" ind1=" " ind2=" ">
      <subfield code="a">RA05.11 Polen</subfield>
    </datafield>
    <datafield tag="225" ind1=" " ind2=" ">
      <subfield code="c">E 14°44'00"-E 37°15'00"/N 57°48'00"-N 46°28'00"</subfield>
    </datafield>
    <datafield tag="245" ind1="1" ind2="0">
      <subfield code="a">Mappa Geographica Regni Poloniae</subfield>
      <subfield code="c">ex novissimis quotquot sunt mappis specialibus composita et ad L. L. stereographica projectionis revocata à Tob. Mayero. S. C. S. Luci publicae tradita per Homannianos Heredes</subfield>
    </datafield>
    <datafield tag="260" ind1=" " ind2=" ">
      <subfield code="a">Norimb.</subfield>
      <subfield code="c">1757</subfield>
    </datafield>
    <datafield tag="300" ind1=" " ind2=" ">
      <subfield code="a">1 Kt.</subfield>
      <subfield code="b">kolor.</subfield>
      <subfield code="c">52 x 45 cm</subfield>
    </datafield>
    <datafield tag="337" ind1=" " ind2=" ">
      <subfield code="a">Karte</subfield>
    </datafield>
    <datafield tag="500" ind1=" " ind2=" ">
      <subfield code="a">Maßstab in graph. Form (Milliaria Germ. comm., Leucae gallicae). - Titelkartusche oben rechts. - Parallelt. oberhalb des Kt.-Feldes. - Maßstabskartusche unten links. - Nullmeridian: Ferro. - Relief: Einzelberge</subfield>
    </datafield>
    <datafield tag="520" ind1="3" ind2="#">
      <subfield code="a">Polen und Litauen mit Städten, Flüssen, Bergen etc.</subfield>
    </datafield>
    <datafield tag="541" ind1=" " ind2=" ">
      <subfield code="a">Nachlass Maull, Otto</subfield>
    </datafield>
    <datafield tag="650" ind1=" " ind2="4">
      <subfield code="a">Altkarte</subfield>
    </datafield>
    <datafield tag="651" ind1=" " ind2="4">
      <subfield code="a">Polen</subfield>
    </datafield>
    <datafield tag="700" ind1="2" ind2=" ">
      <subfield code="a">Homann, ...</subfield>
    </datafield>
    <datafield tag="700" ind1="2" ind2=" ">
      <subfield code="a">Mayer, Tobias</subfield>
    </datafield>
    <datafield tag="841" ind1=" " ind2=" ">
      <subfield code="a">em__</subfield>
      <subfield code="b">1757</subfield>
      <subfield code="c">3</subfield>
    </datafield>
    <datafield tag="852" ind1=" " ind2=" ">
      <subfield code="a">DE-185</subfield>
      <subfield code="c">Historische Abteilung</subfield>
      <subfield code="m">HK 1071</subfield>
      <subfield code="t">244126001</subfield>
    </datafield>
    <datafield tag="856" ind1=" " ind2=" ">
      <subfield code="a">https://ifl.wissensbank.com/fastlink.html?search=244126000</subfield>
      <subfield code="3">permalink</subfield>
    </datafield>
    <datafield tag="856" ind1=" " ind2=" ">
      <subfield code="a">https://ifl.wissensbank.com/cgi-bin/starfetch.exe?xm16skVkFj88CfU71ArSjsxLosT@hdqbmWq4tXj.UY4ic.XbqIH6NWbmKIaT8r@FKmhcWsLrcjW2Jkf1ul6QU16OwjrICYeY.bvujzgRhNG8WPu.N8@o.G3E4qV6r3xOdRW6tLzTmF2dNUIh6qEmuw/HK1071.jpg</subfield>
      <subfield code="3">file</subfield>
    </datafield>
  </record>