
  <record>
    <leader>01250nem  22002893  4500</leader>
    <controlfield tag="001">249963000</controlfield>
    <controlfield tag="003">DE-185</controlfield>
    <controlfield tag="007">ta</controlfield>
    <controlfield tag="008">1751                             i|</controlfield>
    <datafield tag="084" ind1=" " ind2=" ">
      <subfield code="a">RA05.01 Deutschland</subfield>
    </datafield>
    <datafield tag="225" ind1=" " ind2=" ">
      <subfield code="c">E 9°50'00"-E 11°10'00"/N 51°34'00"-N 49°23'00"</subfield>
    </datafield>
    <datafield tag="245" ind1="1" ind2="0">
      <subfield code="a">Iter Mayerianum ad Musas Goettingenses</subfield>
      <subfield code="b">Atlantis Itinerarii Primum Specimen</subfield>
      <subfield code="c">Ex ipsius Collectione designavit Iohannes Andreas Friedericus Yelin, Philos. et Math. apud Goettingenses cultor. Ad imitandum aliis itinerantibus proponunt Heredes Homanniani</subfield>
    </datafield>
    <datafield tag="260" ind1=" " ind2=" ">
      <subfield code="a">Norimberga</subfield>
      <subfield code="c">1751</subfield>
    </datafield>
    <datafield tag="300" ind1=" " ind2=" ">
      <subfield code="a">1 Kt.</subfield>
      <subfield code="b">teilw. kolor.</subfield>
      <subfield code="c">25 x 70 cm</subfield>
    </datafield>
    <datafield tag="337" ind1=" " ind2=" ">
      <subfield code="a">Karte</subfield>
    </datafield>
    <datafield tag="500" ind1=" " ind2=" ">
      <subfield code="a">Nachdruck. - Maßstab in graph. Form (Die Seite eines jeden Quadrats in der Carte ist allezeit eine Meile oder zwey mittelmaessige Stunden). - Titelkartusche unten links. - Erkl. der Zeichen oben rechts. - Parallelt. oberhalb des Kt.-Feldes. - Relief: Einzelberge</subfield>
    </datafield>
    <datafield tag="520" ind1="3" ind2="#">
      <subfield code="a">Reisewegekarte mit der Straße von Göttingen nach Nürnberg</subfield>
    </datafield>
    <datafield tag="541" ind1=" " ind2=" ">
      <subfield code="a">Nachlass Maull, Otto</subfield>
    </datafield>
    <datafield tag="650" ind1=" " ind2="4">
      <subfield code="a">Altkarte</subfield>
    </datafield>
    <datafield tag="650" ind1=" " ind2="4">
      <subfield code="a">Straßenkarte</subfield>
    </datafield>
    <datafield tag="700" ind1="2" ind2=" ">
      <subfield code="a">Yelin, Johannes Andreas Friedericus</subfield>
    </datafield>
    <datafield tag="700" ind1="2" ind2=" ">
      <subfield code="a">Homann, ...</subfield>
    </datafield>
    <datafield tag="700" ind1="2" ind2=" ">
      <subfield code="a">Mayer, Tobias</subfield>
    </datafield>
    <datafield tag="841" ind1=" " ind2=" ">
      <subfield code="a">em__</subfield>
      <subfield code="b">1751</subfield>
      <subfield code="c">3</subfield>
    </datafield>
    <datafield tag="852" ind1=" " ind2=" ">
      <subfield code="a">DE-185</subfield>
      <subfield code="c">Historische Abteilung</subfield>
      <subfield code="m">HK 1073</subfield>
      <subfield code="t">249963001</subfield>
    </datafield>
    <datafield tag="856" ind1=" " ind2=" ">
      <subfield code="a">https://ifl.wissensbank.com/fastlink.html?search=249963000</subfield>
      <subfield code="3">permalink</subfield>
    </datafield>
    <datafield tag="856" ind1=" " ind2=" ">
      <subfield code="a">https://ifl.wissensbank.com/cgi-bin/starfetch.exe?o@9ygsLjyignCVsNi9JlCX.CyYHfY9G8SehSo5E8iss0hMzJj7pM4OJHJmG3ydhkGBm0jZYBYR39xdubUPoXl0bhWkAJWgy15QmPwolo1mErZoecurXznGgYGdfblDSnU195OvFGLleeUYuKUtjNZQ/HK1073.jpg</subfield>
      <subfield code="3">file</subfield>
    </datafield>
  </record>