
  <record>
    <leader>01250nem  22002893  4500</leader>
    <controlfield tag="001">249979000</controlfield>
    <controlfield tag="003">DE-185</controlfield>
    <controlfield tag="007">ta</controlfield>
    <controlfield tag="008">1876                             i|ger</controlfield>
    <datafield tag="041" ind1=" " ind2=" ">
      <subfield code="a">ger</subfield>
    </datafield>
    <datafield tag="084" ind1=" " ind2=" ">
      <subfield code="a">RA10.02 Österreich-Ungarn</subfield>
    </datafield>
    <datafield tag="084" ind1=" " ind2=" ">
      <subfield code="a">RA08.22 Slowenien</subfield>
    </datafield>
    <datafield tag="225" ind1=" " ind2=" ">
      <subfield code="a">[1 : 144 000]</subfield>
      <subfield code="c">E 13°53'46"-E 14°36'01"/N 46°23'02"-N 46°03'52"</subfield>
    </datafield>
    <datafield tag="245" ind1="1" ind2="0">
      <subfield code="a">Umgebungen von Krainburg und Laack</subfield>
      <subfield code="c">[F. von Schönfelder sculp. C. Stein scrip.]</subfield>
    </datafield>
    <datafield tag="260" ind1=" " ind2=" ">
      <subfield code="a">[Wien]</subfield>
      <subfield code="c">[1876]</subfield>
    </datafield>
    <datafield tag="300" ind1=" " ind2=" ">
      <subfield code="a">1 Kt.</subfield>
      <subfield code="b">unkolor.</subfield>
      <subfield code="c">40 x 26 cm</subfield>
    </datafield>
    <datafield tag="337" ind1=" " ind2=" ">
      <subfield code="a">Karte</subfield>
    </datafield>
    <datafield tag="500" ind1=" " ind2=" ">
      <subfield code="a">Aus: Karte Des Königreichs Illyrien Und Des Herzogthums Steyermark nebst dem Königlich Ungarischen Littorale : astronomisch trigonometrisch vermessen, topographisch aufgenommen, reduzirt und gezeichnet im Jahre 1834 / Von dem Kaiserlich Königlich Österreichischen General-Quartiermeisterstabe. [Titel:] C. Stein sculp. ; 21. - Kt. beschädigt, in zwei Hälften geteilt. - Ohne Maßstab. - Titel oberhalb des Kt.-Feldes. - Relief: Schraffen</subfield>
    </datafield>
    <datafield tag="520" ind1="3" ind2="#">
      <subfield code="a">Umgebung von Krainburg und Laack mit Städten, Flüssen, Bergen etc.</subfield>
    </datafield>
    <datafield tag="541" ind1=" " ind2=" ">
      <subfield code="a">Nachlass Maull, Otto</subfield>
    </datafield>
    <datafield tag="650" ind1=" " ind2="4">
      <subfield code="a">Altkarte</subfield>
    </datafield>
    <datafield tag="651" ind1=" " ind2="4">
      <subfield code="a">Oberkrain</subfield>
    </datafield>
    <datafield tag="700" ind1="2" ind2=" ">
      <subfield code="a">Stein, Carl</subfield>
    </datafield>
    <datafield tag="700" ind1="2" ind2=" ">
      <subfield code="a">Schönfelder von Feuersfeld, Franz</subfield>
      <subfield code="1">103757937</subfield>
    </datafield>
    <datafield tag="841" ind1=" " ind2=" ">
      <subfield code="a">em__</subfield>
      <subfield code="b">1876</subfield>
      <subfield code="c">3</subfield>
    </datafield>
    <datafield tag="852" ind1=" " ind2=" ">
      <subfield code="a">DE-185</subfield>
      <subfield code="c">Historische Abteilung</subfield>
      <subfield code="m">HK 1075</subfield>
      <subfield code="t">249979001</subfield>
    </datafield>
    <datafield tag="856" ind1=" " ind2=" ">
      <subfield code="a">https://ifl.wissensbank.com/fastlink.html?search=249979000</subfield>
      <subfield code="3">permalink</subfield>
    </datafield>
    <datafield tag="856" ind1=" " ind2=" ">
      <subfield code="a">https://ifl.wissensbank.com/cgi-bin/starfetch.exe?emI2T6wwZrl94.1rZjOluyVcrpvgpliNI6lqWjTdW63cCack6lSXryVAJc7feRFrwxGrXuqUZr7OJ1MsofUMxL1UmBXlA5CZHE3wiNuOTvs8@hQsvbUo45dnTBnQ5IdCiDAW.YLWJ6ugNowzgCJ3UA/HK1075.jpg</subfield>
      <subfield code="3">file</subfield>
    </datafield>
  </record>