
  <record>
    <leader>01250nem  22002893  4500</leader>
    <controlfield tag="001">249980000</controlfield>
    <controlfield tag="003">DE-185</controlfield>
    <controlfield tag="007">ta</controlfield>
    <controlfield tag="008">1876                             i|ger</controlfield>
    <datafield tag="041" ind1=" " ind2=" ">
      <subfield code="a">ger</subfield>
    </datafield>
    <datafield tag="084" ind1=" " ind2=" ">
      <subfield code="a">RA10.02 Österreich-Ungarn</subfield>
    </datafield>
    <datafield tag="225" ind1=" " ind2=" ">
      <subfield code="a">1 : 144 000</subfield>
      <subfield code="c">E 13°10'54"-E 13°53'03"/N 46°42'42"-N 46°21'50"</subfield>
    </datafield>
    <datafield tag="245" ind1="1" ind2="0">
      <subfield code="a">Umgebungen von Villach und Tarvis</subfield>
      <subfield code="c">D. Huber sc. C. Stein scrip.</subfield>
    </datafield>
    <datafield tag="260" ind1=" " ind2=" ">
      <subfield code="a">[Wien]</subfield>
      <subfield code="c">1876</subfield>
    </datafield>
    <datafield tag="300" ind1=" " ind2=" ">
      <subfield code="a">1 Kt.</subfield>
      <subfield code="b">unkolor.</subfield>
      <subfield code="c">39 x 31 cm</subfield>
    </datafield>
    <datafield tag="337" ind1=" " ind2=" ">
      <subfield code="a">Karte</subfield>
    </datafield>
    <datafield tag="500" ind1=" " ind2=" ">
      <subfield code="a">Aus: Karte Des Königreichs Illyrien Und Des Herzogthums Steyermark nebst dem Königlich Ungarischen Littorale : astronomisch trigonometrisch vermessen, topographisch aufgenommen, reduzirt und gezeichnet im Jahre 1834 / Von dem Kaiserlich Königlich Österreichischen General-Quartiermeisterstabe. [Titel:] C. Stein sculp. ; 15. - Maßstab in graph. Form (Zoll, Kilometer). - Titel oberhalb des Kt.-Feldes. - Maßstab unterhalb des Kt.-Feldes. - Kt. beschädigt, in zwei Hälften geteilt. - Relief: Schraffen</subfield>
    </datafield>
    <datafield tag="520" ind1="3" ind2="#">
      <subfield code="a">Umgebung von Villach und Tarvis mit Flüssen, Städten, Bergen etc.</subfield>
    </datafield>
    <datafield tag="541" ind1=" " ind2=" ">
      <subfield code="a">Nachlass Maull, Otto</subfield>
    </datafield>
    <datafield tag="650" ind1=" " ind2="4">
      <subfield code="a">Altkarte</subfield>
    </datafield>
    <datafield tag="651" ind1=" " ind2="4">
      <subfield code="a">Illyrien</subfield>
    </datafield>
    <datafield tag="651" ind1=" " ind2="4">
      <subfield code="a">Krain</subfield>
    </datafield>
    <datafield tag="651" ind1=" " ind2="4">
      <subfield code="a">Friaul</subfield>
    </datafield>
    <datafield tag="651" ind1=" " ind2="4">
      <subfield code="a">Kärnten</subfield>
    </datafield>
    <datafield tag="700" ind1="2" ind2=" ">
      <subfield code="a">Huber, D.</subfield>
    </datafield>
    <datafield tag="700" ind1="2" ind2=" ">
      <subfield code="a">Stein, Carl</subfield>
    </datafield>
    <datafield tag="841" ind1=" " ind2=" ">
      <subfield code="a">em__</subfield>
      <subfield code="b">1876</subfield>
      <subfield code="c">3</subfield>
    </datafield>
    <datafield tag="852" ind1=" " ind2=" ">
      <subfield code="a">DE-185</subfield>
      <subfield code="c">Historische Abteilung</subfield>
      <subfield code="m">HK 1076</subfield>
      <subfield code="t">249980001</subfield>
    </datafield>
    <datafield tag="856" ind1=" " ind2=" ">
      <subfield code="a">https://ifl.wissensbank.com/fastlink.html?search=249980000</subfield>
      <subfield code="3">permalink</subfield>
    </datafield>
    <datafield tag="856" ind1=" " ind2=" ">
      <subfield code="a">https://ifl.wissensbank.com/cgi-bin/starfetch.exe?.8rmI4yDmY7JvaRbwnWmnD1rF.wu9vY9ERPdOO2AUM.350Fg6YC9hcQScy4bOgV4ajwfT8XHju4PxqA2BUcWjkTBeuBtc7FkdSnfHPRV7@m8vUSUa8.L2RaWejPrYAZ4xZ7ZlmFSkYAoZmtzLSGgQA/HK1076.jpg</subfield>
      <subfield code="3">file</subfield>
    </datafield>
  </record>