
  <record>
    <leader>01250nem  22002893  4500</leader>
    <controlfield tag="001">249997000</controlfield>
    <controlfield tag="003">DE-185</controlfield>
    <controlfield tag="007">ta</controlfield>
    <controlfield tag="008">1876                             i|ger</controlfield>
    <datafield tag="041" ind1=" " ind2=" ">
      <subfield code="a">ger</subfield>
    </datafield>
    <datafield tag="084" ind1=" " ind2=" ">
      <subfield code="a">RA10.02 Österreich-Ungarn</subfield>
    </datafield>
    <datafield tag="084" ind1=" " ind2=" ">
      <subfield code="a">RA05.13 Österreich</subfield>
    </datafield>
    <datafield tag="225" ind1=" " ind2=" ">
      <subfield code="a">1 : 144 000</subfield>
      <subfield code="c">E 13°53'02"-E 14°36'59"/N 46°42'29"-N 46°22'41"</subfield>
    </datafield>
    <datafield tag="245" ind1="1" ind2="0">
      <subfield code="a">Umgebungen von Klagenfurt</subfield>
      <subfield code="c">F. von Schönfelder sculp. C. Stein scrip.</subfield>
    </datafield>
    <datafield tag="260" ind1=" " ind2=" ">
      <subfield code="a">[Wien]</subfield>
      <subfield code="c">1876</subfield>
    </datafield>
    <datafield tag="300" ind1=" " ind2=" ">
      <subfield code="a">1 Kt.</subfield>
      <subfield code="b">unkolor.</subfield>
      <subfield code="c">40 x 27 cm</subfield>
    </datafield>
    <datafield tag="337" ind1=" " ind2=" ">
      <subfield code="a">Karte</subfield>
    </datafield>
    <datafield tag="500" ind1=" " ind2=" ">
      <subfield code="a">Aus: Karte Des Königreichs Illyrien Und Des Herzogthums Steyermark nebst dem Königlich Ungarischen Littorale : astronomisch trigonometrisch vermessen, topographisch aufgenommen, reduzirt und gezeichnet im Jahre 1834 / Von dem Kaiserlich Königlich Österreichischen General-Quartiermeisterstabe. [Titel:] C. Stein sculp. ; 16. - Maßstab in graph. Form (Zoll, Kilometer). - Titel oberhalb des Kt.-Feldes. - Maßstab unterhalb des Kt.-Feldes. - Relief: Schraffen</subfield>
    </datafield>
    <datafield tag="520" ind1="3" ind2="#">
      <subfield code="a">Umgebung von Klagenfurt mit Flüssen, Städten, Bergen etc.</subfield>
    </datafield>
    <datafield tag="541" ind1=" " ind2=" ">
      <subfield code="a">Nachlass Maull, Otto</subfield>
    </datafield>
    <datafield tag="650" ind1=" " ind2="4">
      <subfield code="a">Altkarte</subfield>
    </datafield>
    <datafield tag="651" ind1=" " ind2="4">
      <subfield code="a">Kärnten</subfield>
    </datafield>
    <datafield tag="700" ind1="2" ind2=" ">
      <subfield code="a">Schönfelder von Feuersfeld, Franz</subfield>
      <subfield code="1">103757937</subfield>
    </datafield>
    <datafield tag="700" ind1="2" ind2=" ">
      <subfield code="a">Stein, Carl</subfield>
    </datafield>
    <datafield tag="841" ind1=" " ind2=" ">
      <subfield code="a">em__</subfield>
      <subfield code="b">1876</subfield>
      <subfield code="c">3</subfield>
    </datafield>
    <datafield tag="852" ind1=" " ind2=" ">
      <subfield code="a">DE-185</subfield>
      <subfield code="c">Historische Abteilung</subfield>
      <subfield code="m">HK 1079</subfield>
      <subfield code="t">249997001</subfield>
    </datafield>
    <datafield tag="856" ind1=" " ind2=" ">
      <subfield code="a">https://ifl.wissensbank.com/fastlink.html?search=249997000</subfield>
      <subfield code="3">permalink</subfield>
    </datafield>
    <datafield tag="856" ind1=" " ind2=" ">
      <subfield code="a">https://ifl.wissensbank.com/cgi-bin/starfetch.exe?FOmxIjXQSDmZaoWgczZvdyyfzKKGE1d9KUzWW3sEBF4AEBGJl7dCR6SPjpATpMw4SC5cH4LUIHYBmfBtYZcArpystAxVdxJ07xbJPm0iYO@f2Co.TnoCHOuF4T@D3Uiuv.Vv3b5YwgO8SClTgYZ5rw/HK1079.jpg</subfield>
      <subfield code="3">file</subfield>
    </datafield>
  </record>