
  <record>
    <leader>01250nem  22002893  4500</leader>
    <controlfield tag="001">250025000</controlfield>
    <controlfield tag="003">DE-185</controlfield>
    <controlfield tag="007">ta</controlfield>
    <controlfield tag="008">1813                             i|</controlfield>
    <datafield tag="084" ind1=" " ind2=" ">
      <subfield code="a">RH Asien (insgesamt)</subfield>
    </datafield>
    <datafield tag="225" ind1=" " ind2=" ">
      <subfield code="c">E 21°47'00"-W 169°27'00"/N 77°54'00"-S 12°28'00"</subfield>
    </datafield>
    <datafield tag="245" ind1="1" ind2="0">
      <subfield code="a">Asia Antiqua</subfield>
      <subfield code="b">C[um] P[rivilegio] S[acrae] C[aesareae] R[egiaeque] A[postolicae] M[ajestatis]</subfield>
    </datafield>
    <datafield tag="260" ind1=" " ind2=" ">
      <subfield code="a">[Wien]</subfield>
      <subfield code="b">[Schulbücher-Verschleiß-Administration]</subfield>
      <subfield code="c">[1813]</subfield>
    </datafield>
    <datafield tag="300" ind1=" " ind2=" ">
      <subfield code="a">1 Kt.</subfield>
      <subfield code="b">Grenzen kolor.</subfield>
      <subfield code="c">40 x 29 cm</subfield>
    </datafield>
    <datafield tag="337" ind1=" " ind2=" ">
      <subfield code="a">Karte</subfield>
    </datafield>
    <datafield tag="500" ind1=" " ind2=" ">
      <subfield code="a">Aus: Tabulae Geographicae Orbis Veteribus Noti / Fr. Reisser sc. ; 2. - Maßstab in graph. Form (Scala milliarium geographicorum). - Titel oben links. -  Maßstab unten links. - Relief: Schraffen. - Unten links: S. B. V. Adm. 20 Kr. W. W. (=Schulbücher-Verschleiß-Administration 20 Kreuzer Wiener Währung)</subfield>
    </datafield>
    <datafield tag="520" ind1="3" ind2="#">
      <subfield code="a">Asien mit Flüssen, Städten etc.</subfield>
    </datafield>
    <datafield tag="541" ind1=" " ind2=" ">
      <subfield code="a">Nachlass Maull, Otto</subfield>
    </datafield>
    <datafield tag="650" ind1=" " ind2="4">
      <subfield code="a">Altkarte</subfield>
    </datafield>
    <datafield tag="650" ind1=" " ind2="4">
      <subfield code="a">Geschichtskarte</subfield>
    </datafield>
    <datafield tag="653" ind1="1" ind2=" ">
      <subfield code="a">Antike</subfield>
    </datafield>
    <datafield tag="700" ind1="2" ind2=" ">
      <subfield code="a">Reisser, Franz</subfield>
    </datafield>
    <datafield tag="841" ind1=" " ind2=" ">
      <subfield code="a">em__</subfield>
      <subfield code="b">1813</subfield>
      <subfield code="c">3</subfield>
    </datafield>
    <datafield tag="852" ind1=" " ind2=" ">
      <subfield code="a">DE-185</subfield>
      <subfield code="c">Historische Abteilung</subfield>
      <subfield code="m">HK 1083</subfield>
      <subfield code="t">250025001</subfield>
    </datafield>
    <datafield tag="856" ind1=" " ind2=" ">
      <subfield code="a">https://ifl.wissensbank.com/fastlink.html?search=250025000</subfield>
      <subfield code="3">permalink</subfield>
    </datafield>
    <datafield tag="856" ind1=" " ind2=" ">
      <subfield code="a">https://ifl.wissensbank.com/cgi-bin/starfetch.exe?XRRJ@@DhAu86F0uZwUZIu.4JBeYxIBq8CyE3lUpRL6tNv0lfj7DRHDIt.eIyQCLeK.xLB2a@TIBHIHsDlcQe2WMPJj@vnDzg4tx6pUYlHtHpVC7Z@Igxp2PqwYQQLYS6GjUPnrvwOIfNDgYM9ke9mw/HK1083.jpg</subfield>
      <subfield code="3">file</subfield>
    </datafield>
  </record>