
  <record>
    <leader>01250nem  22002893  4500</leader>
    <controlfield tag="001">250029000</controlfield>
    <controlfield tag="003">DE-185</controlfield>
    <controlfield tag="007">ta</controlfield>
    <controlfield tag="008">1844                             i|ger</controlfield>
    <datafield tag="041" ind1=" " ind2=" ">
      <subfield code="a">ger</subfield>
    </datafield>
    <datafield tag="084" ind1=" " ind2=" ">
      <subfield code="a">RH Asien (insgesamt)</subfield>
    </datafield>
    <datafield tag="225" ind1=" " ind2=" ">
      <subfield code="c">E 5°09'00"-W 151°52'00"/N 81°49'00"-S 13°34'00"</subfield>
    </datafield>
    <datafield tag="245" ind1="1" ind2="0">
      <subfield code="a">Asien</subfield>
      <subfield code="c">Entw. u. gez. v. F. Handtke</subfield>
    </datafield>
    <datafield tag="260" ind1=" " ind2=" ">
      <subfield code="a">Glogau</subfield>
      <subfield code="b">C. Flemming</subfield>
      <subfield code="c">[1844]</subfield>
    </datafield>
    <datafield tag="300" ind1=" " ind2=" ">
      <subfield code="a">1 Kt.</subfield>
      <subfield code="b">Grenzen kolor.</subfield>
      <subfield code="c">40 x 33 cm</subfield>
    </datafield>
    <datafield tag="337" ind1=" " ind2=" ">
      <subfield code="a">Karte</subfield>
    </datafield>
    <datafield tag="500" ind1=" " ind2=" ">
      <subfield code="a">Aus: Vollständiger Hand-Atlas der neueren Erdbeschreibung ueber alle Theile der Erde ; 65. - Maßstab in graph. Form (Deutsche Meilen). - Titel oberhalb des Kt.-Feldes. - Maßstab unterhalb des Kt.-Feldes. - Nullmeridian: Ferro, Paris Kopft. - Mit statist. Angaben unten rechts. - Mit Höhenangaben unten links. - Relief: Schraffen</subfield>
    </datafield>
    <datafield tag="520" ind1="3" ind2="#">
      <subfield code="a">Asien mit Städten, Flüssen, Bergen etc.</subfield>
    </datafield>
    <datafield tag="541" ind1=" " ind2=" ">
      <subfield code="a">Nachlass Maull, Otto</subfield>
    </datafield>
    <datafield tag="650" ind1=" " ind2="4">
      <subfield code="a">Altkarte</subfield>
    </datafield>
    <datafield tag="700" ind1="2" ind2=" ">
      <subfield code="a">Flemming, Carl</subfield>
    </datafield>
    <datafield tag="700" ind1="2" ind2=" ">
      <subfield code="a">Handtke, Friedrich</subfield>
    </datafield>
    <datafield tag="841" ind1=" " ind2=" ">
      <subfield code="a">em__</subfield>
      <subfield code="b">1844</subfield>
      <subfield code="c">3</subfield>
    </datafield>
    <datafield tag="852" ind1=" " ind2=" ">
      <subfield code="a">DE-185</subfield>
      <subfield code="c">Historische Abteilung</subfield>
      <subfield code="m">HK 1085</subfield>
      <subfield code="t">250029001</subfield>
    </datafield>
    <datafield tag="856" ind1=" " ind2=" ">
      <subfield code="a">https://ifl.wissensbank.com/fastlink.html?search=250029000</subfield>
      <subfield code="3">permalink</subfield>
    </datafield>
    <datafield tag="856" ind1=" " ind2=" ">
      <subfield code="a">https://ifl.wissensbank.com/cgi-bin/starfetch.exe?k8PRSH78qNl2rW.uzNto3qn5c04NNEf6FxeUWhb7Bdwx77Dxaics@5ni.I4qVG2GZTaUwe@cl4KIvCp85gLduJ5eIGoE@2TGVy.jmjh.0mp1sx2N9V5MNrDsnB@kSPq7jUmMWDWVS5vGgnS0fwJi8w/HK1085.jpg</subfield>
      <subfield code="3">file</subfield>
    </datafield>
  </record>