
  <record>
    <leader>01250nem  22002893  4500</leader>
    <controlfield tag="001">250036000</controlfield>
    <controlfield tag="003">DE-185</controlfield>
    <controlfield tag="007">ta</controlfield>
    <controlfield tag="008">1844                             i|ger</controlfield>
    <datafield tag="041" ind1=" " ind2=" ">
      <subfield code="a">ger</subfield>
    </datafield>
    <datafield tag="084" ind1=" " ind2=" ">
      <subfield code="a">RI01 Südasien</subfield>
    </datafield>
    <datafield tag="225" ind1=" " ind2=" ">
      <subfield code="c">E 65°43'00"-E 92°48'00"/N 36°10'00"-N 5°47'00"</subfield>
    </datafield>
    <datafield tag="245" ind1="1" ind2="0">
      <subfield code="a">Vorderindien</subfield>
    </datafield>
    <datafield tag="260" ind1=" " ind2=" ">
      <subfield code="a">Glogau</subfield>
      <subfield code="b">C. Flemming</subfield>
      <subfield code="c">[1844]</subfield>
    </datafield>
    <datafield tag="300" ind1=" " ind2=" ">
      <subfield code="a">1 Kt.</subfield>
      <subfield code="b">Grenzen kolor.</subfield>
      <subfield code="c">31 x 40 cm</subfield>
    </datafield>
    <datafield tag="337" ind1=" " ind2=" ">
      <subfield code="a">Karte</subfield>
    </datafield>
    <datafield tag="500" ind1=" " ind2=" ">
      <subfield code="a">Aus: Vollständiger Hand-Atlas der neueren Erdbeschreibung ueber alle Theile der Erde ; 68. - Maßstab in graph. Form (Deutsche Meilen, Indische Cosses). - Titel oberhalb des Kt.-Feldes. - Maßstab unten rechts. - Nullmeridian: Ferro, Paris, Greenwich. - Mit 1 Anschlußkt. - Mit Höhenangaben oben Mitte. - Legende oben rechts. - Relief: Schraffen</subfield>
    </datafield>
    <datafield tag="520" ind1="3" ind2="#">
      <subfield code="a">Verwaltungskarte von Südasien</subfield>
    </datafield>
    <datafield tag="541" ind1=" " ind2=" ">
      <subfield code="a">Nachlass Maull, Otto</subfield>
    </datafield>
    <datafield tag="650" ind1=" " ind2="4">
      <subfield code="a">Altkarte</subfield>
    </datafield>
    <datafield tag="700" ind1="2" ind2=" ">
      <subfield code="a">Flemming, Carl</subfield>
    </datafield>
    <datafield tag="841" ind1=" " ind2=" ">
      <subfield code="a">em__</subfield>
      <subfield code="b">1844</subfield>
      <subfield code="c">3</subfield>
    </datafield>
    <datafield tag="852" ind1=" " ind2=" ">
      <subfield code="a">DE-185</subfield>
      <subfield code="c">Historische Abteilung</subfield>
      <subfield code="m">HK 1087</subfield>
      <subfield code="t">250036001</subfield>
    </datafield>
    <datafield tag="856" ind1=" " ind2=" ">
      <subfield code="a">https://ifl.wissensbank.com/fastlink.html?search=250036000</subfield>
      <subfield code="3">permalink</subfield>
    </datafield>
    <datafield tag="856" ind1=" " ind2=" ">
      <subfield code="a">https://ifl.wissensbank.com/cgi-bin/starfetch.exe?9TizsxPxWqNYNrnV@nAPp7.zQ5cj8N.j7mipZdlu7QyiK@r0V1xljDDXbJSgHyiieI7O4ba2g4XK7ky3uks2ogCZrtbaInZFs7TblzPfyGroHej8VIvhDUdWOfWs7fxFSFtnAKW9vDZK@rJTC0hXwg/HK1087.jpg</subfield>
      <subfield code="3">file</subfield>
    </datafield>
  </record>