
  <record>
    <leader>01250nem  22002893  4500</leader>
    <controlfield tag="001">250058000</controlfield>
    <controlfield tag="003">DE-185</controlfield>
    <controlfield tag="007">ta</controlfield>
    <controlfield tag="008">1777                             i|</controlfield>
    <datafield tag="084" ind1=" " ind2=" ">
      <subfield code="a">RA06.01 Portugal</subfield>
    </datafield>
    <datafield tag="084" ind1=" " ind2=" ">
      <subfield code="a">RA06.02 Spanien</subfield>
    </datafield>
    <datafield tag="225" ind1=" " ind2=" ">
      <subfield code="c">W 10°15'00"-E 8°04'00"/N 45°09'00"-N 35°02'00"</subfield>
    </datafield>
    <datafield tag="245" ind1="1" ind2="0">
      <subfield code="a">Regnorum Hispaniae et Portugalliae Tabula generalis</subfield>
      <subfield code="c">de l'Isliana aucta et ad Usum Scholarum novissime accommodata a Ioh. Bapt. Homanno S. C. M. Geogr.</subfield>
    </datafield>
    <datafield tag="260" ind1=" " ind2=" ">
      <subfield code="a">Norimbergae</subfield>
      <subfield code="c">[nach 1777]</subfield>
    </datafield>
    <datafield tag="300" ind1=" " ind2=" ">
      <subfield code="a">1 Kt.</subfield>
      <subfield code="b">kolor.</subfield>
      <subfield code="c">58 x 44 cm</subfield>
    </datafield>
    <datafield tag="337" ind1=" " ind2=" ">
      <subfield code="a">Karte</subfield>
    </datafield>
    <datafield tag="500" ind1=" " ind2=" ">
      <subfield code="a">[Maßstab in graph. Form (Milliaria comunia Hispanica, Milliaria Marina Hispanica)]. - Titelkartusche mit vielen Wappen oben rechts. - Maßstabskartusche unten links. - Kt. unten unvollst. - Relief: Einzelberge</subfield>
    </datafield>
    <datafield tag="520" ind1="3" ind2="#">
      <subfield code="a">Iberische Halbinsel mit Flüssen, Städten, Bergen etc.</subfield>
    </datafield>
    <datafield tag="541" ind1=" " ind2=" ">
      <subfield code="a">Nachlass Maull, Otto</subfield>
    </datafield>
    <datafield tag="650" ind1=" " ind2="4">
      <subfield code="a">Altkarte</subfield>
    </datafield>
    <datafield tag="700" ind1="2" ind2=" ">
      <subfield code="a">Homann, Johann Baptist</subfield>
    </datafield>
    <datafield tag="700" ind1="2" ind2=" ">
      <subfield code="a">L'Isle, Guillaume de</subfield>
    </datafield>
    <datafield tag="841" ind1=" " ind2=" ">
      <subfield code="a">em__</subfield>
      <subfield code="b">1777</subfield>
      <subfield code="c">3</subfield>
    </datafield>
    <datafield tag="852" ind1=" " ind2=" ">
      <subfield code="a">DE-185</subfield>
      <subfield code="c">Historische Abteilung</subfield>
      <subfield code="m">HK 1095</subfield>
      <subfield code="t">250058001</subfield>
    </datafield>
    <datafield tag="856" ind1=" " ind2=" ">
      <subfield code="a">https://ifl.wissensbank.com/fastlink.html?search=250058000</subfield>
      <subfield code="3">permalink</subfield>
    </datafield>
    <datafield tag="856" ind1=" " ind2=" ">
      <subfield code="a">https://ifl.wissensbank.com/cgi-bin/starfetch.exe?8BqrZRcTXqc.C.v9wHLl1Bod0pgetpg7LOL3j8XkeaUHMwuQH1Vv4zPGbXnepQU@EfBfD0uGNRkr1eULQr9gd38vvpiRH8pmKShicZl3vZ4mJbbcEyFHwNbbnVqPIUXah6.LZCu7o.NF.2NSj8s0cA/HK1095.jpg</subfield>
      <subfield code="3">file</subfield>
    </datafield>
  </record>