
  <record>
    <leader>01250nem  22002893  4500</leader>
    <controlfield tag="001">250070000</controlfield>
    <controlfield tag="003">DE-185</controlfield>
    <controlfield tag="007">ta</controlfield>
    <controlfield tag="008">1792                             i|fre</controlfield>
    <datafield tag="041" ind1=" " ind2=" ">
      <subfield code="a">fre</subfield>
    </datafield>
    <datafield tag="084" ind1=" " ind2=" ">
      <subfield code="a">RA04.06 Frankreich</subfield>
    </datafield>
    <datafield tag="245" ind1="1" ind2="0">
      <subfield code="a">[Le Royaume De France]</subfield>
      <subfield code="b">[en 83 Departs. Suivant les decrets de 1790]</subfield>
      <subfield code="c">[Publie par Jean Walch]</subfield>
    </datafield>
    <datafield tag="260" ind1=" " ind2=" ">
      <subfield code="a">[Augsbourg]</subfield>
      <subfield code="b">[J. M. Will]</subfield>
      <subfield code="c">[1792]</subfield>
    </datafield>
    <datafield tag="300" ind1=" " ind2=" ">
      <subfield code="a">1 Kt.</subfield>
      <subfield code="b">Grenzen kolor.</subfield>
      <subfield code="c">57 x 47 cm</subfield>
    </datafield>
    <datafield tag="337" ind1=" " ind2=" ">
      <subfield code="a">Karte</subfield>
    </datafield>
    <datafield tag="500" ind1=" " ind2=" ">
      <subfield code="a">[Maßstab in graph. Form (Mille Pas Geometriques ou Milles d'Italie, Lieues Communes de France)]. - Titelkartusche und Maßstab wurden von der Kt. entfernt. - Legende links Mitte. - Relief: Einzelberge</subfield>
    </datafield>
    <datafield tag="520" ind1="3" ind2="#">
      <subfield code="a">Politische Karte von Frankreich</subfield>
    </datafield>
    <datafield tag="541" ind1=" " ind2=" ">
      <subfield code="a">Nachlass Maull, Otto</subfield>
    </datafield>
    <datafield tag="650" ind1=" " ind2="4">
      <subfield code="a">Altkarte</subfield>
    </datafield>
    <datafield tag="650" ind1=" " ind2="4">
      <subfield code="a">Politische Karte</subfield>
    </datafield>
    <datafield tag="700" ind1="2" ind2=" ">
      <subfield code="a">Walch, Johannes</subfield>
    </datafield>
    <datafield tag="700" ind1="2" ind2=" ">
      <subfield code="a">Will, Johann Martin</subfield>
    </datafield>
    <datafield tag="841" ind1=" " ind2=" ">
      <subfield code="a">em__</subfield>
      <subfield code="b">1792</subfield>
      <subfield code="c">3</subfield>
    </datafield>
    <datafield tag="852" ind1=" " ind2=" ">
      <subfield code="a">DE-185</subfield>
      <subfield code="c">Historische Abteilung</subfield>
      <subfield code="m">HK 1097</subfield>
      <subfield code="t">250070001</subfield>
    </datafield>
    <datafield tag="856" ind1=" " ind2=" ">
      <subfield code="a">https://ifl.wissensbank.com/fastlink.html?search=250070000</subfield>
      <subfield code="3">permalink</subfield>
    </datafield>
    <datafield tag="856" ind1=" " ind2=" ">
      <subfield code="a">https://ifl.wissensbank.com/cgi-bin/starfetch.exe?qLc7a4jk57vPm4LkdK.3mDeIXxuOaBDsnGdECSOAlQrLq9cpTqfjBIK34CVMgSSukBnQtpnJ7oXmLfg7OVMiR9mQWe8CKhkupfmYwR5Nzlv1eUiZyWNTknzob.8W5SeUPYJi0KcnK6eOMkRaM10PzA/HK1097Zusatz.jpg</subfield>
      <subfield code="3">file</subfield>
    </datafield>
  </record>