
  <record>
    <leader>01250nem  22002893  4500</leader>
    <controlfield tag="001">250085000</controlfield>
    <controlfield tag="003">DE-185</controlfield>
    <controlfield tag="007">ta</controlfield>
    <controlfield tag="008">1874                             i|ger</controlfield>
    <datafield tag="041" ind1=" " ind2=" ">
      <subfield code="a">ger</subfield>
    </datafield>
    <datafield tag="084" ind1=" " ind2=" ">
      <subfield code="a">RA05.01 Deutschland</subfield>
    </datafield>
    <datafield tag="225" ind1=" " ind2=" ">
      <subfield code="c">E 9°50'00"-E 11°49'00"/N 49°53'00"-N 48°39'00"</subfield>
    </datafield>
    <datafield tag="245" ind1="1" ind2="0">
      <subfield code="a">Mittelfranken Des Königreichs Baÿern</subfield>
      <subfield code="c">von C. F. Hammer, Major. Nach den besten Hilfsmitteln neu bearbeitet. Gez u. gest. v. Kleinknecht</subfield>
    </datafield>
    <datafield tag="260" ind1=" " ind2=" ">
      <subfield code="a">Nürnberg</subfield>
      <subfield code="b">J. L. Lotzbeck</subfield>
      <subfield code="c">[ca. 1874]</subfield>
    </datafield>
    <datafield tag="300" ind1=" " ind2=" ">
      <subfield code="a">1 Kt.</subfield>
      <subfield code="b">Grenzen kolor.</subfield>
      <subfield code="c">54 x 50 cm</subfield>
    </datafield>
    <datafield tag="337" ind1=" " ind2=" ">
      <subfield code="a">Karte</subfield>
    </datafield>
    <datafield tag="500" ind1=" " ind2=" ">
      <subfield code="a">Maßstab in graph. Form (Geographische Stunden). - Titel oben rechts. - Maßstab unten rechts. - Legende links Mitte. - Mit 2 Nebenkt.: Nürnberg mit Umgebungen. Ansbach mit Umgebungen. - Relief: Schraffen</subfield>
    </datafield>
    <datafield tag="541" ind1=" " ind2=" ">
      <subfield code="a">Nachlass Maull, Otto</subfield>
    </datafield>
    <datafield tag="650" ind1=" " ind2="4">
      <subfield code="a">Altkarte</subfield>
    </datafield>
    <datafield tag="651" ind1=" " ind2="4">
      <subfield code="a">Bayern</subfield>
    </datafield>
    <datafield tag="651" ind1=" " ind2="4">
      <subfield code="a">Mittelfranken</subfield>
    </datafield>
    <datafield tag="700" ind1="2" ind2=" ">
      <subfield code="a">Lotzbeck, Johann Ludwig</subfield>
      <subfield code="1">129004243</subfield>
    </datafield>
    <datafield tag="700" ind1="2" ind2=" ">
      <subfield code="a">Hammer, Christian F.</subfield>
      <subfield code="1">103748059</subfield>
    </datafield>
    <datafield tag="700" ind1="2" ind2=" ">
      <subfield code="a">Kleinknecht, Lorenz Valentin</subfield>
    </datafield>
    <datafield tag="841" ind1=" " ind2=" ">
      <subfield code="a">em__</subfield>
      <subfield code="b">1874</subfield>
      <subfield code="c">3</subfield>
    </datafield>
    <datafield tag="852" ind1=" " ind2=" ">
      <subfield code="a">DE-185</subfield>
      <subfield code="c">Historische Abteilung</subfield>
      <subfield code="m">HK 1099</subfield>
      <subfield code="t">250085001</subfield>
    </datafield>
    <datafield tag="856" ind1=" " ind2=" ">
      <subfield code="a">https://ifl.wissensbank.com/fastlink.html?search=250085000</subfield>
      <subfield code="3">permalink</subfield>
    </datafield>
    <datafield tag="856" ind1=" " ind2=" ">
      <subfield code="a">https://ifl.wissensbank.com/cgi-bin/starfetch.exe?pKr9NiCdGpZFCsnvpU7uOdtSACkau@0x4tnbYOQKf9zGWhEGcUvHYDG0iQSSIR2IOK5i5jMbqpytz5YBQosNuLw1LXI5a.89IvotvjfLNAUn0F2q0OeEuvG9AFjWONnracOZfxLcSg1pLnWqLB7hqg/HK1099.jpg</subfield>
      <subfield code="3">file</subfield>
    </datafield>
  </record>
</collection>
